%%%%%%%%%%%%%
%%% BOOKS %%%
%%%%%%%%%%%%%

@book{ainsworth2011posteriori,
  author = {Ainsworth, Mark and Oden, J. Tinsley},
  doi = {10.1002/9781118032824},
  publisher = {John Wiley \& Sons, Ltd},
  address = {Hoboken, NJ, USA},
  title = {{A Posteriori Error Estimation in Finite Element Analysis}},
  year = {2011}
}

@book{bangerth2013adaptive,
  author = {Bangerth, Wolfgang and Rannacher, Rolf},
  doi = {10.1007/978-3-0348-7605-6},
  publisher = {Birkh{\"a}user Basel},
  address = {Basel, Switzerland},
  title = {Adaptive Finite Element Methods for Differential Equations},
  year = {2013}
}

@book{eriksson1996computational,
  author = {Eriksson, K and Estep, D and Hansbo, P and Johnshon, C},
  edition = {2},
  publisher = {Cambridge Univ. Press},
  address = {New York, NY, USA},
  title = {Computational Differential Equations},
  year = {1996}
}

@book{griewank2008evaluating,
  author = {Griewank, Andreas and Walther, Andrea},
  doi = {10.1137/1.9780898717761},
  edition = {2},
  publisher = {Soc. for Ind. \& Appl. Math.},
  address = {Philadelphia, PA, USA},
  title = {Evaluating Derivatives: Principles and Techniques of Algorithmic Differentiation},
  year = {2008}
}

@book{logg2012automated,
  author = {Logg, Anders and Mardal, Kent-Andre and Wells, Garth},
  doi = {10.1007/978-3-642-23099-8},
  publisher = {Springer},
  address = {Heidelberg, Germany},
  title = {Automated Solution of Differential Equations by the Finite Element Method: The FEniCS Book},
  year = {2012}
}

@book{simo2006computational,
  author = {Simo, Juan C and Hughes, Thomas JR},
  doi = {10.1007/978-3-642-23099-8},
  publisher = {Springer},
  address = {New York, NY, USA},
  title = {Computational Inelasticity},
  year = {2006}
}

%%%%%%%%%%%%%%%%%%%%%
%%% BOOK CHAPTERS %%%
%%%%%%%%%%%%%%%%%%%%%

@inbook{giles2003adjoint,
  doi = {10.1007/978-3-662-05189-4_2},
  author = {Giles, Michael B. and Pierce, Niles A.},
  title = {Chapter 2 - {A}djoint Error Correction for Integral Outputs},
  booktitle = {Error Estimation and Adaptive Discretization Methods in Computational Fluid Dynamics},
  publisher = {Springer},
  address = {Berlin, Germany},
  pages = {47--95},
  year = {2016}
}

% FIXME
@incollection{phipps2012efficient,
  doi = {10.1007/978-3-642-30023-3},
  author = {Phipps, Eric and Pawlowski, Roger},
  title = {Efficient expression templates for operator overloading-based automatic differentiation},
  booktitle = {Recent Advances in Algorithmic Differentiation},
  publisher = {Springer},
  address = {Berlin, Germany},
  pages = {309--319},
  year = {2012}
}

%%%%%%%%%%%%%%%%%%
%%% PHD THESIS %%%
%%%%%%%%%%%%%%%%%%

@phdthesis{lu2005posteriori,
  author = {Lu, James},
  year = {2005},
  title = {An a posteriori error control framework for adaptive precision optimization using discontinuous {G}alerkin finite element method},
  department = {Dept. of Aeronautics and Astronautics},
  school = {Massachussetts Inst. of Technology}
}

%%%%%%%%%%%%%%%%%%%%%%%%%%
%%% PUBLISHED ARTICLES %%%
%%%%%%%%%%%%%%%%%%%%%%%%%%

@article{alauzet2006parallel,
  author = {Alauzet, Fr{\'e}d{\'e}ric and Li, Xiangrong and Seol, E Seegyoung and Shephard, Mark S},
  doi = {10.1007/s00366-005-0009-3},
  journal = {Eng. with Comp.},
  month = {Jan.},
  number={3},
  pages={247--258},
  publisher={Springer},
  title={Parallel anisotropic {3D} mesh adaptation by mesh modification},
  volume={21},
  year={2006},
}

@article{babuska1984post1,
  author = {Babu\v{s}ka, Ivo and Miller, Anthony},
  doi = {10.1002/nme.1620200610},
  journal = {Int. J. for Numerical Methods. in Eng.},
  month = {Jun.},
  number = {6},
  pages = {1085--1109},
  publisher = {Wiley-Blackwell},
  title = {The post-processing approach in the finite element method, {Part 1}: {C}alculation of displacements, stresses and other higher derivatives of the displacements},
  volume = {20},
  year = {1984}
}

@article{babuska1984post2,
  author = {Babu\v{s}ka, Ivo and Miller, Anthony},
  doi = {10.1002/nme.1620200611},
  journal = {Int. J. for Numerical Methods. in Eng.},
  month = {Jun.},
  number = {6},
  pages = {1111--1129},
  publisher = {Wiley-Blackwell},
  title = {The post-processing approach in the finite element method, {Part 2}: {T}he calculation of stress intensity factors},
  volume = {20},
  year = {1984}
}

@article{babuska1984post3,
  author = {Babu\v{s}ka, Ivo and Miller, Anthony},
  doi = {10.1002/nme.1620201211},
  journal = {Int. J. for Numerical Methods. in Eng.},
  month = {Dec.},
  number = {12},
  pages = {2311--2324},
  publisher = {Wiley-Blackwell},
  title = {The post-processing approach in the finite element method, {Part 3}: {A} posteriori error estimates and adaptive mesh selection},
  volume = {20},
  year = {1984}
}

@article{babuvska1994pollution,
  author={Babu\v{s}ka, I and Strouboulis, T and Mathur, A and Upadhyay, CS},
  doi = {10.1016/S0045-7825(96)01013-4},
  journal = {Finite Elements in Anal. and Design},
  month = {Jan.},
  number = {4},
  pages = {273--321},
  publisher = {Elsevier},
  title = {Pollution-error in the h-version of the finite-element method and the local quality of a-posteriori error estimators},
  volume={17},
  year={1994},
}

@article{barth2004taxonomy,
  author = {Barth, Teri and Bochev, Pavel and Gunzburger, Max and Shadid, John},
  doi = {10.1137/S1064827502407718},
  journal = {SIAM J. on Scientific Computation},
  month = {Jul.},
  number = {5},
  pages = {1585--1607},
  publisher = {Soc. for Ind. \& Appl. Math.},
  title = {A taxonomy of consistently stabilized finite element methods for the {S}tokes problem},
  volume = {25},
  year = {2004}
}

@article{bavier2012amesos2,
  author = {Bavier, Eric and Hoemmen, Mark and Rajamanickam, Sivasankaran and Thornquist, Heidi},
  doi = {10.3233/SPR-2012-0352},
  journal={Scientific Programming},
  month = {Jan.},
  number = {3},
  pages = {241--255},
  publisher = {Hindawi Publishing Corporation},
  title = {Amesos2 and {B}elos: {D}irect and iterative solvers for large sparse linear systems},
  volume = {20},
  year = {2012}
}

@article{becker2001optimal,
  author = {Becker, Roland and Rannacher, Rolf},
  doi = {https://doi.org/10.1017/S0962492901000010},
  journal = {Acta Numerica},
  month = {May.},
  pages={1--102},
  publisher = {Cambridge Univ. Press},
  title={An optimal control approach to a posteriori error estimation in finite element methods},
  volume={10},
  year={2001}
}

@article{boussetta2006adaptive,
  author = {Boussetta, Ramzy and Coupez, Thierry and Fourment, Lionel},
  doi = {10.1016/j.cma.2005.06.029},
  journal = {Comput. Methods in Appl. Mechanics and Eng.},
  month = {Oct.},
  number = {48},
  pages = {6626--6645},
  publisher = {Elsevier},
  title = {Adaptive remeshing based on a posteriori error estimation for forging simulation},
  volume = {195},
  year = {2006}
}

@article{bloomfield2017component,
  author = {Bloomfield, Max O and Li, Zhen and Granzow, Brian and Ibanez, Daniel A and Oberai, Assad A and Hansen, Glen A and Liu, Xiao Hu and Shephard, Mark S},
  doi = {10.1007/s00366-016-0487-5},
  journal = {Eng. with Comput.},
  month = {Jul.},
  number = {3},
  pages = {509--517},
  publisher={Springer},
  title={Component-based workflows for parallel thermomechanical analysis of arrayed geometries},
  volume={33},
  year={2017}
}

@article{braack2003posteriori,
  author = {Braack, Malte and Ern, Alexandre},
  doi = {10.1137/S1540345902410482},
  journal = {Multiscale Modeling \& Simulation},
  month = {Jul.},
  number={2},
  pages = {221--238},
  publisher = {Soc. for Ind. \& Appl. Math.},
  title = {A posteriori control of modeling errors and discretization errors},
  volume = {1},
  year = {2003}
}

@article{brooks1982streamline,
  author = {Brooks, Alexander N and Hughes, Thomas JR},
  doi = {10.1016/0045-7825(82)90071-8},
  journal = {Comput. Methods in Appl. Mechanics and Eng.},
  month = {Sep.},
  number = {1},
  pages = {199--259},
  publisher = {Elsevier},
  title = {Streamline upwind {P}etrov-{G}alerkin formulations for convection dominated flows with particular emphasis on the incompressible {N}avier-{S}tokes equations},
  volume = {32},
  year = {1982}
}

@book{cox2000multidimensional,
  title={Multidimensional scaling},
  author={Cox, Trevor F and Cox, Michael AA},
  year={2000},
  publisher={Chapman and Hall/CRC}
}

@article{burstedde2009parallel,
  author = {Burstedde, Carsten and Ghattas, Omar and Stadler, Georg and Tu, Tiankai and Wilcox, Lucas C},
  doi = {10.1016/j.cma.2008.12.015},
  journal = {Comput. Methods in Appl. Mechanics and Eng.},
  month = {May.},
  number = {21},
  pages = {1691--1700},
  publisher = {Elsevier},
  title = {Parallel scalable adjoint-based adaptive solution of variable-viscosity Stokes flow problems},
  volume = {198},
  year = {2009}
}

@article{connors2013method,
  author = {Connors, Jeffrey M and Banks, Jeffrey W and Hittinger, Jeffrey A and Woodward, Carol S},
  doi = {10.1137/110845100},
  journal = {SIAM J. on Numerical Anal.},
  month = {Mar.},
  number = {2},
  pages = {894--926},
  publisher = {Soc. for Ind. \& Appl. Math.},
  title = {A method to calculate numerical errors using adjoint error estimation for linear advection},
  volume = {51},
  year = {2013}
}

@article{cyr2014approaches,
  author={Cyr, Eric C and Shadid, John and Wildey, Tim},
  doi = {10.1137/120895822},
  journal={SIAM J. on Scientific Comput.},
  month = {Apr.},
  number={2},
  pages = {A766--A791},
  publisher = {Soc. for Ind. \& Appl. Math.},
  title = {Approaches for adjoint-based a posteriori analysis of stabilized finite element methods},
  volume = {36},
  year = {2014}
}

@article{discher2005tissue,
  author = {Discher, Dennis E and Janmey, Paul and Wang, Yu-li},
  doi = {10.1126/science.1116995},
  journal={Science},
  month = {Nov.},
  number = {5751},
  pages = {1139--1143},
  publisher = {American Association for the Advancement of Science},
  title = {Tissue cells feel and respond to the stiffness of their substrate},
  volume = {310},
  year = {2005}
}

@article{dong2017recovery,
  author = {Dong, Li and Oberai, Assad A},
  doi = {10.1016/j.cma.2016.05.020},
  journal = {Comput. Methods in Appl. Mechanics and Eng.},
  month = {Feb.},
  pages = {296--313},
  publisher = {Elsevier},
  title={Recovery of cellular traction in three-dimensional nonlinear hyperelastic matrices},
  volume={314},
  year={2017}
}

@article{eriksson1995introduction,
  author={Eriksson, Kenneth and Estep, Don and Hansbo, Peter and Johnson, Claes},
  doi = {10.1017/S0962492900002531},
  journal = {Acta Numerica},
  month = {Jan.},
  pages = {105--158},
  publisher={Cambridge Univ. Press},
  title={Introduction to adaptive methods for differential equations},
  volume={4},
  year={1995}
}

@article{fidkowski2011review,
  author = {Fidkowski, Krzysztof J and Darmofal, David L},
  doi = {10.2514/1.J050073},
  journal={AIAA J.},
  month = {Apr.},
  number = {4},
  pages = {673--694},
  publisher = {Amer. Inst. of Aeronautics and Astronautics},
  title = {Review of output-based error estimation and mesh adaptation in computational fluid dynamics},
  volume = {49},
  year = {2011}
}

@article{fidkowski2011output,
  author = {Fidkowski, Krzysztof J},
  doi = {10.1002/nme.3224},
  journal = {Int. J. for Numerical Methods in Eng.},
  month = {May.},
  number = {12},
  pages = {1297--1322},
  publisher = {Wilel-Blackwell},
  title = {Output error estimation strategies for discontinuous Galerkin discretizations of unsteady convection-dominated flows},
  volume = {88},
  year = {2011},
}

@article{franca1992stabilized,
  author = {Franca, Leopoldo P and Frey, Sergio L and Hughes, Thomas JR},
  doi = {10.1016/0045-7825(92)90143-8},
  journal = {Comput. Methods in Appl. Mechanics and Eng.},
  month = {Mar.},
  number = {2},
  pages = {253--276},
  publisher = {Elsevier},
  title = {Stabilized finite element methods: {I}. {A}pplication to the advective-diffusive model},
  volume = {95},
  year = {1992},
}

@article{franca1992stabilizedii,
  author = {Franca, Leopoldo P and Frey, S{\'e}rgio L},
  doi = {10.1016/0045-7825(92)90041-H},
  journal = {Comput. Methods in Appl. Mechanics and Eng.},
  month = {Sep.},
  number = {2},
  pages={209--233},
  publisher={Elsevier},
  title = {Stabilized finite element methods: {II}. {T}he incompressible {N}avier-{S}tokes equations},
  volume = {95},
  year = {1992},
}

@article{giles2002adjoint,
  author = {Giles, Michael B and S{\"u}li, Endre},
  doi = {10.1017/S096249290200003X},
  journal = {Acta Numerica},
  month = {Jan.},
  pages = {145--236},
  publisher = {Cambridge Univ. Press},
  title = {Adjoint methods for {PDE}s: {A} posteriori error analysis and postprocessing by duality},
  volume = {11},
  year = {2002}
}

@article{ghorashi2017goal,
  author = {Ghorashi, S. S. and Rabczuk, T.},
  doi = {10.1007/s10704-016-0113-y},
  journal = {Int. J. of Fracture},
  month = {Jan.},
  pages = {3--19},
  publisher = {Springer},
  title = {Goal-oriented error estimation and mesh adaptivity in {3D} elastoplasticity problems},
  volume = {203},
  year={2017}
}

@article{gonzalez2014mesh,
  author = {Gonzalez-Estrada, Octavio Andres and Nadal, E and Rodenas, JJ and Kerfriden, Pierre and Bordas, Stephane Pierre-Alain and Fuenmayor, FJ},
  doi = {10.1007/s00466-013-0942-8},
  journal = {Comput. Mechanics},
  month = {May.},
  number = {5},
  pages = {957--976},
  publisher = {Springer},
  title = {Mesh adaptivity driven by goal-oriented locally equilibrated superconvergent patch recovery},
  volume = {53},
  year = {2014}
}

@article{granzow2017output,
  author = {Granzow, Brian N and Shephard, Mark S and Oberai, Assad A},
  doi = {10.1016/j.cma.2017.05.008},
  journal = {Comput. Methods in Appl. Mechanics and Eng.},
  month = {Aug.},
  pages = {441--459},
  publisher = {Elsevier},
  title={Output-based error estimation and mesh adaptation for variational multiscale methods},
  volume={322},
  year={2017}
}

@article{gratsch2005posteriori,
  author = {Gr{\"a}tsch, Thomas and Bathe, Klaus-J\"{u}rgen},
  doi = {10.1016/j.compstruc.2004.08.011},
  journal = {Comput. {\&} Structures},
  month = {Dec.},
  number = {4-5},
  pages = {235--265},
  publisher = {Elsevier},
  title = {A posteriori error estimation techniques in practical finite element analysis},
  volume = {83},
  year = {2005}
}

@article{hauke2006multiscale,
  author = {Hauke, Guillermo and Doweidar, Mohamed H and Miana, Mario},
  doi = {10.1016/j.cma.2005.05.029},
  journal = {Comput. Methods in Appl. Mechanics and Eng.},
  month = {Feb.},
  number = {13},
  pages = {1573--1593},
  publisher = {Elsevier},
  title = {The multiscale approach to error estimation and adaptivity},
  volume={195},
  year={2006}
}

@article{hauke2008variational,
  author = {Hauke, Guillermo and Fuster, Daniel and Doweidar, Mohamed H},
  doi = {10.1016/j.cma.2014.10.032},
  journal = {Comput. Methods in Appl. Mechanics and Eng.},
  month = {Jan.},
  number = {33},
  pages = {2701--2718},
  publisher={Elsevier},
  title={Variational multiscale a-posteriori error estimation for multi-dimensional transport problems},
  volume={197},
  year={2008}
}

@article{hauke2009variational,
  author={Hauke, Guillermo and Fuster, Daniel},
  doi = {10.1115/1.3057403},
  journal = {J. of Appl. Mechanics},
  month = {Jan.},
  number = {2},
  pages={21201--21207},
  publisher={Amer. Soc. of Mech. Eng.},
  title = {Variational Multiscale A Posteriori Error Estimation for Quantities of Interest},
  volume={76},
  year={2009}
}

@article{hartmann2002adaptive,
  author = {Hartmann, Ralf and Houston, Paul},
  doi = {10.1006/jcph.2002.7206},
  journal = {J. of Comput. Physics},
  month = {Dec.},
  number={2},
  pages={508--532},
  publisher={Elsevier},
  title={Adaptive discontinuous {G}alerkin finite element methods for the compressible {E}uler equations},
  volume={183},
  year={2002}
}

@article{heroux2005overview,
  author = {Heroux, Michael A. and Bartlett, Roscoe A. and Howle, Vicki E. and Hoekstra, Robert J. and Hu, Jonathan J. and Kolda, Tamara G. and et al.},
  doi = {10.1145/1089014.1089021},
  journal = {ACM Trans. on Math. Software},
  month = {Sep.},
  number = {3},
  pages = {397--423},
  publisher={Assoc. for Comput. Machinery},
  title={An overview of the {T}rilinos project},
  volume={31},
  year={2005},
}

@article{heroux2012new,
  author={Heroux, Michael A and Willenbring, James M},
  doi = {10.3233/SPR-2012-0355},
  journal = {Scientific Programming},
  month = {Mar.},
  number = {2},
  pages = {83--88},
  publisher = {Hindawi Publishing Corporation},
  title = {A new overview of the {T}rilinos project},
  volume={20},
  year={2012}
}

@article{hughes1986new,
  author = {Hughes, Thomas JR and Franca, Leopoldo P and Balestra, Marc},
  doi = {10.1016/0045-7825(86)90025-3},
  journal = {Comput. Methods in Appl. Mechanics and Eng.},
  month = {Nov.},
  number = {1},
  pages = {85--99},
  publisher = {Elsevier},
  title={A new finite element formulation for computational fluid dynamics: {V}. {C}ircumventing the {B}abu{\v{s}}ka-{B}rezzi condition: {A} stable {P}etrov-{G}alerkin formulation of the {S}tokes problem accommodating equal-order interpolations},
  volume={59},
  year={1986}
}

@article{hughes1989new,
  author = {Hughes, Thomas JR and Franca, Leopoldo P and Hulbert, Gregory M},
  doi = {10.1016/0045-7825(89)90111-4},
  journal = {Comput. Methods in Appl. Mechanics and Eng.},
  month = {May.},
  number = {2},
  pages = {173--189},
  publisher={Elsevier},
  title={A new finite element formulation for computational fluid dynamics: {VIII}. {T}he {G}alerkin/least-squares method for advective-diffusive equations},
  volume={73},
  year={1989}
}

@article{hughes1998variational,
  author = {Hughes, Thomas JR and Feij{\'o}o, Gonzalo R and Mazzei, Luca and Quincy, Jean-Baptiste},
  doi = {10.1016/S0045-7825(98)00079-6},
  journal = {Comput. Methods in Appl. Mechanics and Eng.},
  month = {Nov.},
  number = {1},
  pages = {3--24},
  publisher = {Elsevier},
  title = {The variational multiscale method: {A} paradigm for computational mechanics},
  volume={166},
  year={1998}
}

@article{hughes2000large,
  author = {Hughes, Thomas JR and Mazzei, Luca and Jansen, Kenneth E},
  doi = {10.1007/s007910050051},
  journal = {Comput. and Vis. in Science},
  month = {May.},
  number = {1-2},
  pages = {47--59},
  publisher = {Springer},
  title = {Large eddy simulation and the variational multiscale method},
  volume = {3},
  year = {2000}
}

@article{hughes2007variational,
  author = {Hughes, Thomas JR and Sangalli, Giancarlo},
  doi = {10.1137/050645646},
  journal = {SIAM J. on Numerical Anal.},
  month = {Mar.},
  number = {2},
  pages = {539--557},
  publisher = {Soc. for Ind. \& Appl. Math.},
  title = {Variational multiscale analysis: {T}he fine-scale {G}reen's function, projection, optimization, localization, and stabilized methods},
  volume = {45},
  year = {2007}
}

@article{ibanez2016pumi,
  author = {Ibanez, Daniel A and Seol, E Seegyoung and Smith, Cameron W and Shephard, Mark S},
  doi = {10.1145/2814935},
  journal = {ACM Trans. on Math. Software},
  month = {Jun.},
  number = {3},
  pages={17--45},
  publisher = {Assoc. for Comput. Machinery},
  title={{PUMI}: {P}arallel unstructured mesh infrastructure},
  volume={42},
  year={2016}
}

@article{ibanez2017modifiable,
  author = {Ibanez, Dan and Shephard, Mark S},
  doi = {10.1137/16M1063496},
  journal = {SIAM J. on Scientific Comput.},
  month = {Apr.},
  number = {2},
  pages = {C144--C161},
  publisher = {Soc. for Ind. \& Appl. Math.},
  title = {Modifiable array data structures for mesh topology},
  volume = {39},
  year = {2017},
}

@article{klaas1999stabilized,
  author = {Klaas, Ottmar and Maniatty, Antoinette and Shephard, Mark S},
  doi = {10.1016/S0045-7825(99)00059-6},
  journal = {Comput. Methods in Appl. Mechanics and Eng.},
  month = {Nov.},
  number = {1},
  pages = {65--79},
  publisher = {Elsevier},
  title = {A stabilized mixed finite element method for finite elasticity: {F}ormulation for linear displacement and pressure interpolation},
  volume = {180},
  year = {1999}
}

@article{larsson2002strategies,
  author = {Larsson, Fredrik and Hansbo, Peter and Runesson, Kenneth},
  doi = {10.1002/nme.513},
  journal = {Int. J. for Numerical Methods in Eng.},
  month = {Aug.},
  number = {8},
  pages = {879--894},
  publisher = {Wiley-Blackwell},
  title = {Strategies for computing goal-oriented a posteriori error measures in non-linear elasticity},
  volume = {55},
  year = {2002}
}

@article{larson2007adaptive,
  author = {Larson, Mats G and M{\aa}lqvist, Axel},
  doi = {10.1016/j.cma.2006.08.019},
  journal = {Comput. Methods in Appl. Mechanics and Eng.},
  month = {Apr.},
  number = {21},
  pages = {2313--2324},
  publisher = {Elsevier},
  title = {Adaptive variational multiscale methods based on a posteriori error estimation: energy norm estimates for elliptic problems},
  volume = {196},
  year = {2007}
}

@article{legant2010measurement,
  author = {Legant, Wesley R and Miller, Jordan S and Blakely, Brandon L and Cohen, Daniel M and Genin, Guy M and Chen, Christopher S},
  doi = {10.1038/nmeth.1531},
  journal = {Nature Methods},
  month = {Dec.},
  pages = {969--971},
  publisher = {Nature Publishing Group},
  title={Measurement of mechanical tractions exerted by cells in three-dimensional matrices},
  volume = {7},
  year = {2010}
}

@article{li20053d,
  author = {Li, Xiangrong and Shephard, Mark S and Beall, Mark W},
  doi = {10.1016/j.cma.2004.11.019},
  journal = {Comput. Methods in Appl. Mechanics and Eng.},
  month = {Nov.},
  number = {48},
  pages = {4915--4950},
  publisher = {Elsevier},
  title = {{3D} anisotropic mesh adaptation by mesh modification},
  volume = {194},
  year = {2005}
}

@article{maniatty2002higher,
  author = {Maniatty, Antoinette M and Liu, Yong and Klaas, Ottmar and Shephard, Mark S},
  doi = {10.1016/S0045-7825(01)00335-8},
  journal = {Comput. Methods in Appl. Mechanics and Eng.},
  month = {Jan.},
  number = {13},
  pages = {1491--1503},
  publisher = {Elsevier},
  title = {Higher order stabilized finite element method for hyperelastic finite deformation},
  volume = {191},
  year = {2002},
}

@article{masud2011variational,
  author = {Masud, Arif and Truster, Timothy J and Bergman, Lawrence A},
  doi = {10.1016/j.cma.2014.11.009},
  journal = {Comput. Methods in Appl. Mechanics and Eng.},
  month = {Mar.},
  number = {47},
  pages = {3453--3481},
  publisher = {Elsevier},
  title = {A variational multiscale a posteriori error estimation method for mixed form of nearly incompressible elasticity},
  volume = {200},
  year = {2011}
}

@article{masud2013framework,
  author = {Masud, Arif and Truster, Timothy J},
  doi = {10.1016/j.cma.2013.08.010},
  journal = {Comput. Methods in Appl. Mechanics and Eng.},
  month = {Dec.},
  pages = {359--399},
  publisher = {Elsevier},
  title = {A framework for residual-based stabilization of incompressible finite elasticity: Stabilized formulations and F methods for linear triangles and tetrahedra},
  volume = {267},
  year = {2013}
}

@article{oberai1998multiscale,
  author = {Oberai, Assad A and Pinsky, Peter M},
  doi = {10.1016/S0045-7825(97)00130-8},
  journal = {Comput. Methods in Appl. Mechanics and Eng.},
  month = {Mar.},
  number = {3},
  pages = {281--297},
  publisher = {Elsevier},
  title = {A multiscale finite element method for the {H}elmholtz equation},
  volume = {154},
  year = {1998}
}

@article{oden2001goal,
  author = {Oden, John Tinsley and Prudhomme, Serge},
  doi = {10.1016/S0898-1221(00)00317-5},
  journal = {Comput. \& Math. with Applications},
  month = {Mar.},
  number = {5-6},
  pages = {735--756},
  publisher = {Elsevier},
  title = {Goal-oriented error estimation and adaptivity for the finite element method},
  volume = {41},
  year = {2001}
}

@article{ostien2016tet,
  author = {Ostien, JT and Foulk, JW and Mota, A and Veilleux, MG},
  doi = {10.1002/nme.5218},
  journal = {Int. J. for Numerical Methods in Eng.},
  month = {Feb.},
  number = {13},
  pages = {1145--1170},
  publisher = {Wiley-Blackwell},
  title = {A 10-node composite tetrahedral finite element for solid mechanics},
  volume = {107},
  year = {2016}
}

@article{paszek2005tensional,
  author={Paszek, Matthew J and Zahir, Nastaran and Johnson, Kandice R and Lakins, Johnathon N and Rozenberg, Gabriela I and Gefen, Amit and Reinhart-King, Cynthia A and Margulies, Susan S and Dembo, Micah and Boettiger, David and others},
  doi = {10.1016/j.ccr.2005.08.010},
  journal = {Cancer Cell},
  month = {Sep.},
  number = {3},
  pages = {241--254},
  publisher={Elsevier},
  title={Tensional homeostasis and the malignant phenotype},
  volume={8},
  year={2005}
}

@article{pawlowski2012automating1,
  author = {Pawlowski, Roger P and Phipps, Eric T and Salinger, Andrew G},
  doi = {10.3233/SPR-2012-0350},
  journal = {Scientific Programming},
  month = {Apr.},
  number = {2},
  pages = {197--219},
  publisher = {Hindawi Publishing Corporation},
  title = {Automating embedded analysis capabilities and managing software complexity in multiphysics simulation, {P}art {I}: Template-based generic programming},
  volume = {20},
  year = {2012}
}

@article{pawlowski2012automating2,
  author = {Pawlowski, Roger P and Phipps, Eric T and Salinger, Andrew G and Owen, Steven J and Siefert, Christopher M and Staten, Matthew L},
  doi = {10.3233/SPR-2012-0351},
  journal = {Scientific Programming},
  month = {Jul.},
  number = {3},
  pages = {327--345},
  publisher = {Hindawi Publishing Coroporation},
  title = {Automating embedded analysis capabilities and managing software complexity in multiphysics simulation, {P}art {II}: Application to partial differential equations},
  volume = {20},
  year = {2012}
}

@article{peraire1998bounds,
  author = {Peraire, J and Patera, AT},
  doi = {10.1016/S0922-5382(98)80011-1},
  journal = {Studies in Appl. Mechanics},
  month = {Jan.},
  pages = {199--216},
  publisher = {Elsevier},
  title = {Bounds for linear-functional outputs of coercive partial differential equations: {L}ocal indicators and adaptive refinement},
  volume = {47},
  year = {1998}
}

@article{pierce2004adjoint,
  author={Pierce, Niles A and Giles, Michael B},
  doi = {10.1016/j.jcp.2004.05.001},
  journal = {J. of Comput. Physics},
  month = {Nov.},
  number = {2},
  pages = {769--794},
  publisher={Elsevier},
  title={Adjoint and defect error bounding and correction for functional estimates},
  volume={200},
  year={2004}
}

@article{prudhomme1999goal,
  author = {Prudhomme, Serge and Oden, J Tinsley},
  doi = {10.1016/S0045-7825(98)00343-0},
  journal = {Comput. Methods in Appl. Mechanics and Eng.},
  month = {Jul.},
  number = {1-4},
  pages = {313--331},
  publisher = {Elsevier},
  title = {On goal-oriented error estimation for elliptic problems: {A}pplication to the control of pointwise errors},
  volume = {176},
  year = {1999}
}

@article{prudhomme2003practical,
  author = {Prudhomme, Serge and Oden, J Tinsley and Westermann, Tim and Bass, Jon and Botkin, Mark E},
  doi = {10.1002/nme.609},
  journal = {Int. J. for Numerical Methods. in Eng.},
  month = {Jan.},
  number = {8},
  pages = {1193--1224},
  publisher = {Wiley-Blackwell},
  title = {Practical methods for a posteriori error estimation in engineering applications},
  volume = {56},
  year = {2003}
}

@article{rabizadeh2015adaptive,
  author = {Rabizadeh, E and Bagherzadeh, A Saboor and Rabczuk, T},
  doi = {10.1016/j.commatsci.2015.01.044},
  journal = {Comput. Materials Science},
  month = {May.},
  pages = {27--44},
  publisher = {Elsevier},
  title = {Adaptive thermo-mechanical finite element formulation based on goal-oriented error estimation},
  volume = {102},
  year = {2015}
}

@article{ramesh2005stabilized,
  author = {Ramesh, Binoj and Maniatty, Antoinette M},
  doi = {10.1016/j.cma.2004.06.025},
  journal = {Comput. Methods in Appl. Mechanics and Eng.},
  month = {Feb.},
  number = {6},
  pages = {775--800},
  publisher = {Elsevier},
  title = {Stabilized finite element formulation for elastic--plastic finite deformations},
  volume = {194},
  year = {2005}
}

@article{rannacher1997feed,
  author = {Rannacher, Rolf and Suttmeier, F-T},
  doi = {10.1007/s004660050191},
  journal = {Comput. Mechanics},
  month = {Apr.},
  number = {5},
  pages = {434--446},
  publisher = {Springer},
  title = {A feed-back approach to error control in finite element methods: {A}pplication to linear elasticity},
  volume = {19},
  year = {1997}
}

@article{rannacher1998posteriori,
  author = {Rannacher, Rolf and Suttmeier, F-T},
  doi = {10.1007/s004660050288},
  journal = {Comput. Mechanics},
  month = {Mar.},
  number = {2},
  pages = {123--133},
  publisher = {Springer},
  title = {A posteriori error control in finite element methods via duality techniques: Application to perfect plasticity},
  volume = {21},
  year = {1998}
}

@article{rannacher1999posteriori,
  author = {Rannacher, Rolf and Suttmeier, Franz-Theo},
  doi = {10.1016/S0045-7825(98)00344-2},
  journal = {Comput. Methods in Appl. Mechanics and Eng.},
  month = {Jul.},
  number = {1-4},
  pages = {333--361},
  publisher = {Elsevier},
  title = {A posteriori error estimation and mesh adaptation for finite element models in elasto-plasticity},
  volume = {176},
  year = {1999}
}

@article{richardson1911approximate,
  author = {Richardson, Lewis Fry},
  doi = {10.1098/rsta.1911.0009},
  journal = {Philosophical Trans. of the Royal Society of London},
  month = {Jan.},
  pages = {307--357},
  publisher = {The Royal Society},
  title = {The approximate arithmetical solution by finite differences of physical problems involving differential equations, with an application to the stresses in a masonry dam},
  volume = {210},
  year = {1911}
}

@article{richter2015variational,
  author = {Richter, Thomas and Wick, Thomas},
  doi = {10.1016/j.cam.2014.11.008},
  journal = {J. of Comput. and Appl. Math.},
  month = {May.},
  pages = {192--208},
  publisher = {Elsevier},
  title = {Variational localizations of the dual weighted residual estimator},
  volume = {279},
  year = {2015}
}

@article{rognes2013automated,
  author = {Rognes, Marie E and Logg, Anders},
  doi = {10.1137/10081962X},
  journal = {SIAM J. on Scientific Comput.},
  month = {May.},
  pages = {C173--C193},
  number = {3},
  publisher = {Soc. for Ind. \& Appl. Math.},
  title = {Automated goal-oriented error control {I}: {S}tationary variational problems},
  volume = {35},
  year = {2013}
}

@article{stein2007error,
  author = {Stein, Erwin and Ruter, Marcus and Ohnimus, Stephan},
  doi = {10.1016/j.cma.2006.10.032},
  journal = {Comput. Methods in Appl. Mechanics and Eng.},
  month = {Aug.},
  number = {37},
  pages = {3598--3613},
  publisher = {Elsevier},
  title = {Error-controlled adaptive goal-oriented modeling and finite element approximations in elasticity},
  volume = {196},
  year = {2007}
}

@article{taylor1973numerical,
  author = {Taylor, Cedric and Hood, Paul},
  doi = {10.1016/0045-7930(73)90027-3},
  journal = {Comput. \& Fluids},
  month = {Jan.},
  number = {1},
  pages = {73--100},
  publisher = {Elsevier},
  title = {A numerical solution of the {N}avier-{S}tokes equations using the finite element technique},
  volume = {1},
  year = {1973},
}

@article{tezaur2015albany,
  author = {Tezaur, Irina K and Perego, Mauro and Salinger, Andrew G and Tuminaro, Raymond S and Price, Stephen F},
  doi = {10.5194/gmd-8-1197-2015},
  journal = {Geoscientific Model Development},
  month = {Apr.},
  number = {4},
  pages = {1197--1220},
  publisher = {Copernicus Publications},
  title = {Albany/{FELIX}: {A} parallel, scalable and robust, finite element, first-order {S}tokes approximation ice sheet solver built for advanced analysis},
  volume = {8},
  year = {2015}
}

@article{tezduyar1991stabilized,
  author = {Tezduyar, Tayfun E},
  doi = {10.1016/S0065-2156(08)70153-4},
  journal = {Adv. in Appl. Mechanics},
  pages = {1--44},
  publisher = {Elsevier},
  title = {Stabilized finite element formulations for incompressible flow computations},
  volume = {28},
  year = {1991}
}

@article{tezduyar1992incompressible,
  author = {Tezduyar, Tayfun E and Mittal, Sanjay and Ray, SE and Shih, R},
  doi = {10.1016/0045-7825(92)90141-6},
  journal = {Comput. Methods in Appl. Mechanics and Eng.},
  month = {Mar.},
  number = {2},
  pages = {221--242},
  publisher = {Elsevier},
  title = {Incompressible flow computations with stabilized bilinear and linear equal-order-interpolation velocity-pressure elements},
  volume = {95},
  year = {1992}
}

@article{venditti2000adjoint,
  author = {David A Venditti and David L Darmofal},
  doi =  {10.1006/jcph.2000.6600},
  journal = {J. of Comput. Physics},
  month = {Oct.},
  number = {1},
  pages = {204--227},
  publisher = {Elsevier},
  title = {Adjoint Error Estimation and Grid Adaptation for Functional Outputs: Application to Quasi-One-Dimensional Flow},
  volume = {164},
  year = {2000}
}

@article{venditti2002adjoint,
  author = {David A. Venditti and David L. Darmofal},
  doi = {10.1006/jcph.2001.6967},
  journal = {J. of Comput. Physics},
  month = {Feb.},
  number = {1},
  pages = {40--69},
  publisher = {Elsevier},
  title = {Grid Adaptation for Functional Outputs: Application to Two-Dimensional Inviscid Flows},
  volume = {176},
  year = {2002},
}

@article{venditti2003adjoint,
  author = {Venditti, David A. and Darmofal, David L.},
  doi = {10.1016/S0021-9991(03)00074-3},
  journal = {J. Comput. Phys.},
  month  = {May.},
  number = {1},
  pages = {22--46},
  publisher = {Elsevier},
  title = {Anisotropic Grid Adaptation for Functional Outputs: Application to Two-dimensional Viscous Flows},
  volume = {187},
  year = {2003}
}

@article{verfurth1994adaptive,
  author = {Verf\"{u}rth, R\"{u}diger},
  doi = {10.1016/0377-0427(94)90290-9},
  journal = {J. of Comput. and Appl. Math.},
  month = {May.},
  number = {1-3},
  pages = {67--83},
  publisher = {Elsevier},
  title = {A posteriori error estimation and adaptive mesh-refinement techniques},
  volume = {50},
  year = {1994}
}

@article{wick2016goal,
  author = {Wick, Thomas},
  doi = {10.1007/s00466-016-1275-1},
  journal = {Comput. Mechanics},
  month = {Mar.},
  number = {6},
  pages = {1017--1035},
  publisher = {Springer},
  title = {Goal functional evaluations for phase-field fracture using {PU}-based {DWR} mesh adaptivity},
  volume = {57},
  year = {2016}
}

@article{whiteley2014error,
  author = {Whiteley, JP and Tavener, SJ},
  doi = {10.1002/nme.4677},
  journal = {Int. J. for Numerical Methods. in Eng.},
  month = {Apr.},
  number = {5},
  pages = {313--332},
  publisher = {Wiley-Blackwell},
  title = {Error estimation and adaptivity for incompressible hyperelasticity},
  volume = {99},
  year = {2014}
}

@article{zienkiewicz1992superconvergenti,
  author = {Zienkiewicz, Olgierd Cecil and Zhu, Jian Zhong},
  doi = {10.1002/nme.1620330702},
  journal = {Int. J. for Numerical Methods. in Eng.},
  month = {May.},
  number = {7},
  pages = {1331--1364},
  publisher = {Wiley-Blackwell},
  title = {The superconvergent patch recovery and a posteriori error estimates. {P}art 1{:} {T}he recovery technique},
  volume = {33},
  year = {1992}
}

@article{zienkiewicz1992superconvergentii,
  author = {Zienkiewicz, Olgierd Cecil and Zhu, Jian Zhong},
  doi = {10.1002/nme.1620330703},
  journal = {Int. J. for Numerical Methods. in Eng.},
  month = {May.},
  number = {7},
  pages = {1365--1382},
  publisher = {Wiley-Blackwell},
  title = {The superconvergent patch recovery and a posteriori error estimates. {P}art 2: {E}rror estimates and adaptivity},
  volume = {33},
  year = {1992}
}

%%%%%%%%%%%%%%%%%%%%%%%%%%
%%% SUBMITTED ARTICLES %%%
%%%%%%%%%%%%%%%%%%%%%%%%%%

@article{granzow2017adjoint,
  author = {Granzow, Brian N and Oberai, Assad A and Shephard, Mark S},
  title = {Adjoint-based error estimation and mesh adaptation for stabilized finite deformation elasticity},
  note = {submitted for publication}
}

@article{granzow2018automated,
  author = {Granzow, Brian N and Oberai, Assad A and Shephard, Mark S},
  title = {An automated approach for parallel adjoint-based error estimation and mesh adaptation},
  note = {submitted for publication}
}

@article{li2017simulation,
  author = {Li, Zhen and Bloomfield, Max O and Oberai, Assad A},
  doi = {10.1007/s00466-017-1499-8},
  journal = {Comput. Mechanics},
  title = {Simulation of finite-strain inelastic phenomena governed by creep and plasticity},
  note = {to be published}
}

@article{smith2015parma,
  author = {Cameron W. Smith and Michel Rasquin and Dan Ibanez and Kenneth E. Jansen and Mark S. Shephard},
  journal = {SIAM J. Scientific Comput.},
  title = {Improving Unstructured Mesh Partitions for Multiple Criteria Using Mesh Adjacencies},
  note = {to be published}
}

%%%%%%%%%%%%%%%%%%%%%%%%%%%
%%% CONFERENCE ARTICLES %%%
%%%%%%%%%%%%%%%%%%%%%%%%%%%

@inproceedings{chen2014automatic,
  author = {Chen, Qiushi and Ostien, Jakob T and Hansen, Glen},
  intype = "presented at the",
  booktitle = {TMS 2014: 143rd Annual Meeting \& Exhibition, San Diego, CA, USA},
  address = {San Diego, CA, USA},
  doi = {10.1007/978-3-319-48237-8_38},
  month = {Feb.},
  title = {Automatic differentiation for numerically exact computation of tangent operators in small-and large-deformation computational inelasticity},
  year = {2014},
}

@incollection{diamond2017dynamic,
  author = {Diamond, Gerrett and Smith, Cameron W. and Shephard, Mark S.},
  intype = "in",
  booktitle = {Proc. of the 8th Workshop on Latest Advances in Scalable Algorithms for Large-Scale Systems, Denver, CO, USA},
  address = {Denver, CO, USA},
  doi = {10.1145/3148226.3148236},
  month = {Nov.},
  title = {Dynamic Load Balancing of Massively Parallel Unstructured Meshes},
  year = {2017}
}

@inproceedings{ghorashi2014goal,
  author = {Ghorashi, S Sh and Amani, J and Bagherzadeh, AS and Rabczuk, T},
  intype = "presented at the",
  booktitle = {WCCM XI-ECCM V-ECFD VI, Barcelona, Spain},
  address = {Barcelona, Spain},
  month = {Jul.},
  title = {Goal-oriented error estimation and mesh adaptivity in three-dimensional elasticity problems},
  year = {2014}
}

@inproceedings{nemec2007adjoint,
  author = {Nemec, Marian and Aftosmis, Michael J},
  intype = "presented at the",
  booktitle = {18th AIAA Computational Fluid Dynamics Conf., Miami, FL, USA},
  address = {Miami, FL, USA},
  doi = {10.2514/6.2007-4187},
  month = {Jun.},
  title = {Adjoint error estimation and adaptive refinement for embedded-boundary {C}artesian meshes},
  year = {2007}
}

@incollection{smith2016memory,
  author = {Smith, Cameron W and Granzow, Brian and Ibanez, Dan and Sahni, Onkar and Jansen, Kenneth E and Shephard, Mark S},
  intype = "in",
  booktitle = {Proc. of the XSEDE16 Conf. on Diversity, Big Data, and Science at Scale, Miami, FL, USA},
  address = {Miami, FL, USA},
  doi = {10.1145/2949550.2949650},
  month = {Jul.},
  title = {In-memory Integration of Existing Software Components for Parallel Adaptive Unstructured Mesh Workflows},
  year = {2016},
}

%%%%%%%%%%%%%%%%%%%%
%%% TECH REPORTS %%%
%%%%%%%%%%%%%%%%%%%%

@techreport{barth2002aposteriori,
  author = {Timothy J. Barth and Mats G. Larson},
  number = {NAS-02-001},
  title = {A posteriori error estimates for higher order godunov finite volume methods on unstructured meshes},
  institution = {NASA Ames Research Center},
  address = {Moffet Field, CA, USA},
  month = {Feb.},
  year = {2002}
}

@techreport{fidkowski2006output,
  author = {Fidkowski, Krzysztof J and Darmofal, David L},
  number = {06-02},
  title = {Output-based adaptive meshing using triangular cut cells},
  institution = {Aerospace Comput. Design Lab., Massachusetts Inst. of Technology},
  address = {Cambridge, MA, USA},
  month = {Oct.},
  year = {2006}
}

@techreport{MueLu,
  author = {Andrey Prokopenko and  Jonathan J. Hu and Tobias A. Wiesner and Christopher M. Siefert and Raymond S. Tuminaro},
  number = {SAND2014-18874},
  institution = {Sandia Nat. Lab.},
  title = {Mue{L}u User’s Guide 1.0},
  address = {Albuquerque, NM, USA},
  month = {Oct.},
  year = {2014}
}

@techreport{salinger2013albany,
  author = {Salinger, Andrew G and Bartett, Roscoe A and Chen, Quishi and Gao, Xujiao and Hansen, Glen and Kalashnikova, Irina and Mota, Alejandro and Muller, Richard P and Nielsen, Erik and Ostien, Jakob and others},
  number = {SAND2013-8430J},
  institution = {Sandia Nat. Lab.},
  title = {Albany: A Component-Based Partial Differential Equation Code Built on Trilinos.},
  address = {Albuquerque, NM, USA},
  month = {Nov.},
  year = {2013}
}

%%%%%%%%%%%%%%%%%%%%%%%%%%%%%
%%% ELECTRONIC REFERENCES %%%
%%%%%%%%%%%%%%%%%%%%%%%%%%%%%

@electronic{goal_github,
  author = {Granzow, Brian N.},
  title = {{Goal GitHub Repository}},
  year = {2017},
  url = {https://github.com/bgranzow/goal},
  urldate = {Dec. 1, 2017}
}

@electronic{dealiistep14,
  author = {Wolfgang Bangerth},
  title = {Deal ii Step 14},
  year = 2017,
  url = {https://www.dealii.org/8.4.0/doxygen/deal.II/step_14.html},
  urldate = {Dec. 1, 2017}
}


%%%%%%%%%%%%%%%%%%%%%%%%%%%%%%%%%%%%%%%%%%%%%%%%%%%%%%%%%%%%%%%%%%%%%%%%%%%%%%%%%%%%%%%%%%%%%%%%%%%%%%%%%%%%%%%%%%%%%%%%%%%%%%%%%%%%%%%%%%%%%%%%%%%%%%%%%%%%%%%%%%%%%%%%%%%%%%%%%%%%%%%%%%%%%%%%%%%%%%%%%%%%%%%%%%%%%%%%%%%%%%%%%%%%%%%%%%%%%%%%%%%%%%%%%%%%%%%%%%%%%%%%%%%%%%%%%%%%%%%%%%%%%%%%%%%%%%%%%%%%%%%%%%%%%%%%%%%%%%%%%%%%%%%%%%%%%%%%%%%%%%%%%%%%%%%%%%%%%%%%%%%%%%%%%%%%%%%%%%%%%%%%%%%%%%%%%%%%%%%%%%%%%%%%%%%%%%%%%%%%%%%%%%%%%%%%%%%%%%%%%%%%%%%%%%%%%%%%%%%%%%%%%%%%%%%%%%%%%%%%%%%%%%%%%%%%%%%%%%%%%%%%%%%%%%%%%%%%%%%%%%%%%%%%%%%%%%%%%%%%%%%%%%%%%%%%%%%%%%%%%%%%%%%%%%%%%%%%%%%%%%%%%%%%%%%%%%%%%%%%%%%%%%%%%%%%%%%%%%%%%%%%%%%%%%%%%%%%%%%%%%%%%%%%%%%%%%%%%%%%%%%%%%%%%%%%%%%%%%%%%%%%%%%%%%%%%%%%%%%%%%%%%%%%%%%%%%%%%%%%%%%%%%%%%%%%%%%%%%%%%%%%%%%%%%%%%%%%%%%%%%%%%%%%%%%%%%%%%%%%%%%%%%%%%%%%%%%%%%%%%%%%%%%%%%%%%%%%%%%%%%%%%%%%%%%%%%%%%%%%%%%%%%%%%%%%%%%%%%%%%%%%%%%%%%%%%%%%%%%%%%%%%%%%%%%%%%%%%%%%%%%%%%%%%%%%%%%%%%%%%%%%%%%%%%%%%%%%%%%%%%%%%%%%%%%%%%%%%%%%%%%%%%%%%%%%%%%%%%%%%%%%%%%%%%%%%%%%%%%%%%%%%%%%%%%%%%%%%%%%%%%%%%%%%%%%%%%%%%%%%%%%%%%%%%%%%%%%%%%%%%%%%%%%%%%%%%%%%%%%%%%%%%%%%%%%%%%%%%%%%%%%%%%%%%%%%%%%%%%%%%%%%%%%%%%%%%%%%%%%%%%%%%%%%%%%%%%%%%%%%%%%%%%%%%%%%%%%%%%%%%%%%%%%%%%%%%%%%%%%%%%%%%%%%%%%%%%%%%%%%%%%%%%%%%%%%%%%%%%%%%%%%%%%%%%%%%%%%%%%%%%%%%%%%%%%%%%%%%%%%%%%%%%%%%%%%%%%%%%%%%%%%%%%%%%%%%%%%%%%%%%%%%%%%%%%%%%%%%%%%%%%%%%%%%%%%%%%%%%%%%%%%%%%%%%%%%%%%%%%%%%%%%%%%%%%%%%%%%%%%%%%%%%%%%%%%%%%%%%%%%%%%%%%%%%%%%%%%%%%%%%%%%%%%%%%%%%%%%%%%%%%%%%%%%%%%%%%%%%%%%%%%%%%%%%%%%%%%%%%%%%%%%%%%%%%%%%%%%%%%%%%%%%%%%%%%%%%%%%%%%%%%%%%%%%%%%%%%%%%%%%%%%%%%%%%%%%%%%%%%%%%%%%%%%%%%%%%%%%%%%%%%%%%%%%%%%%%%%%%%%%%%%%%%%%%%%%%%%%%%%%%%%%%%%%%%%%%%%%%%%%%%%%%%%%%%%%%%%%%%%%%%%%%%%%%%%%%%%%%%%%%%%%%%%%%%%%%%%%%%%%%%%%%%%%%%%%%%%%%%%%%%%%%%%%%%%%%%%%%%%%%%%%%%%%%%%%%%%%%%%%%%%%%%%%%%%%%%%%%%%%%%%%%%%%%%%%%%%%%%%%%%%%%%%%%%%%%%%%%%%%%%%%%%%%%%%%%%%%%%%%%%%%%%%%%%%%%%%%%%%%%%%%%%%%%%%%%%%%%%%%%%%%%%%%%%%%%%%%%%%%%%%%%%%%%%%%%%%%%%%%%%%%%%%%%%%%%%%%%%%%%%%%%%%%%%%%%%%%%%%%%%%%%%%%%%%%%%%%%%%%%%%%%%%%%%%%%%%%%%%%%%%%%%%%%%%%%%%%%%%%%%%%%%%%%%%%%%%%%%%%%%%%%%%%%%%%%%%%%%%%%%%%%%%%%%%%%%%%%%%%%%%%%%%%%%%%%%%%%%%%%%%%%%%%%%%%%%%%%%%%%%%%%%%%%%%%%%%%%%%%%%%%%%%%%%%%%%%%%%%%%%%%%%%%%%%%%%%%%%%%%%%%%%%%%%%%%%%%%%%%%%%%%%%%%%%%%%%%%%%%%%%%%%%%%%%%%%%%%%%%%%%%%%%%%%%%%%%%%%%%%%%%%%%%%%%%%%%%%%%%%%%%%%%%%%%%%%%%%%%%%%%%%%%%%%%%%%%%%%%%%%%%%%%%%%%%%%%%%%%%%%%%%%%%%%%%%%%%%%%%%%%%%%%%%%%%%%%%%%%%%%%%%%%%%%%%%%%%%%%%%%%%%%%%%%%%%%%%%%%%%%%%%%%%%%%%%%%%%%%%%%%%%%%%%%%%%%%%%%%%%%%%%%%%%%%%%%%%%%%%%%%%%%%%%%%%%%%%%%%%%%%%%%%%%%%%%%%%%%%%%%%%%%%%%%%%%%%%%%%%%%%%%%%%%%%%%%%%%%%%%%%%%%%%%%%%%%%%%%%%%%%%%%%%%%%%%%%%%%%%%%%%%%%%%%%%%%%%%%%%%%%%%%%%%%%%%%%%%%%%%%%%%%%%%%%%%%%%%%%%%%%%%%%%%%%%%%%%%%%%%%%%%%%%%%%%%%%%%%%%%%%%%%%%%%%%%%%%%%%%%%%%%%%%%%%%%%%%%%%%%%%%%%%%%%%%%%%%%%%%%%%%%%%%%%%%%%%%%%%%%%%%%%%%%%%%%%%%%%%%%%%%%%%%%%%%%%%%%%%%%%%%%%%%%%%%%%%%%%%%%%%%%%%%%%%%%%%%%%%%%%%%%%%%%%%%%%%%%%%%%%%%%%%%%%%%%%%%%%%%%%%%%%%%%%%%%%%%%%%%%%%%%%%%%%%%%%%%%%%%%%%%%%%%%%%%%%%%%%%%%%%%%%%%%%%%%%%%%%%%%%%%%%%%%%%%%%%%%%%%%%%%%%%%%%%%%%%%%%%%%%%%%%%%%%%%%%%%%%%%%%%%%%%%%%%%%%%%%%%%%%%%%%%%%%%%%%%%%%%%%%%%%%%%%%%%%%%%%%%%%%%%%%%%%%%%%%%%%%%%%%%%%%%%%%%%%%%%%%%%%%%%%%%%%%%%%%%%%%%%%%%%%%%%%%%%%%%%%%%%%%%%%%%%%%%%%%%%%%%%%%%%%%%%%%%%%%%%%%%%%%%%%%%%%%%%%%%%%%%%%%%%%%%%%%%%%%%%%%%%%%%%%%%%%%%%%%%%%%%%%%%%%%%%%%%%%%%%%%%%%%%%%%%%%%%%%%%%%%%%%%%%%%%%%%%%%%%%%%%%%%%%%%%%%%%%%%%%%%%%%%%%%%%%%%%%%%%%%%%%%
@inproceedings{lu2017predicting,
  title={Predicting viral news events in online media},
  author={Lu, Xiaoyan and Szymanski, Boleslaw},
  booktitle={Parallel and Distributed Processing Symposium Workshops (IPDPSW), 2017 IEEE International},
  pages={1447--1456},
  year={2017},
  organization={IEEE}
}

@article{lu2018scalable,
  title={Scalable prediction of global online media news virality},
  author={Lu, Xiaoyan and Szymanski, Boleslaw K},
  journal={IEEE Transactions on Computational Social Systems},
  number={99},
  pages={1--13},
  year={2018},
  publisher={IEEE}
}

@article{lu2016towards,
  title={Towards limited scale-free topology with dynamic peer participation},
  author={Lu, Xiaoyan and Bulut, Eyuphan and Szymanski, Boleslaw},
  journal={Computer Networks},
  volume={106},
  pages={109--121},
  year={2016},
  publisher={Elsevier}
}

@article{lu2018adaptive,
  title={Adaptive modularity maximization via edge weighting scheme},
  author={Lu, Xiaoyan and Kuzmin, Konstantin and Chen, Mingming and Szymanski, Boleslaw K},
  journal={Information Sciences},
  year={2018}
}

@article{lu2018evolution,
  title={The evolution of polarization in the legislative branch of government},
  author={Lu, Xiaoyan and Szymanski, Boleslaw K},
  note={submitted for publication},
}

@article{lu2019regularized,
  author={Lu, Xiaoyan and Szymanski, Boleslaw K},
  title = {Regularized Stochastic Block Model for robust community detection in complex networks},
  note = {submitted for publication}
}

@article{reichardt2006statistical,
  title={Statistical mechanics of community detection},
  author={Reichardt, Jorg and Bornholdt, Stefan},
  journal={Physical Review E},
  volume={74},
  number={1},
  pages={016110},
  year={2006},
  publisher={APS}
}

@article{chung2014generalized,
  title={Generalized epidemic process on modular networks},
  author={Chung, Kihong and Baek, Yongjoo and Kim, Daniel and Ha, Meesoon and Jeong, Hawoong},
  journal={Physical Review E},
  volume={89},
  number={5},
  pages={052811},
  year={2014},
  publisher={APS}
}

@article{riquelme2016measuring,
  title={Measuring user influence on Twitter: A survey},
  author={Riquelme, Fabian and Gonzalez-Cantergiani, Pablo},
  journal={Information Processing \& Management},
  year={2016},
  publisher={Elsevier}
}

@article{laub2015hawkes,
  title={Hawkes processes},
  author={Laub, Patrick J and Taimre, Thomas and Pollett, Philip K},
  journal={arXiv preprint arXiv:1507.02822},
  year={2015}
}

@article{hawkes1971spectra,
  title={Spectra of some self-exciting and mutually exciting point processes},
  author={Hawkes, Alan G},
  journal={Biometrika},
  pages={83--90},
  year={1971},
  publisher={JSTOR}
}

@article{barabasi2005origin,
  title={The origin of bursts and heavy tails in human dynamics},
  author={Barabasi, Albert-Laszlo},
  journal={Nature},
  volume={435},
  number={7039},
  pages={207--211},
  year={2005},
  publisher={Nature Publishing Group}
}

@inproceedings{zhao2015seismic,
  title={Seismic: A self-exciting point process model for predicting tweet popularity},
  author={Zhao, Qingyuan and Erdogdu, Murat A and He, Hera Y and Rajaraman, Anand and Leskovec, Jure},
  booktitle={Proceedings of the 21th ACM SIGKDD International Conference on Knowledge Discovery and Data Mining},
  pages={1513--1522},
  year={2015},
  organization={ACM}
}

@inproceedings{yang2013mixture,
  title={Mixture of mutually exciting processes for viral diffusion.},
  author={Yang, Shuang-Hong and Zha, Hongyuan},
  booktitle={Proceedings of the 30-th International Conference on Machine Learning},
  year={2013}
}

@inproceedings{yu2015micro,
  title={From micro to macro: Uncovering and predicting information cascading process with behavioral dynamics},
  author={Yu, Linyun and Cui, Peng and Wang, Fei and Song, Chaoming and Yang, Shiqiang},
  booktitle={Data mining (ICDM), 2015 IEEE International Conference on},
  pages={559--568},
  year={2015},
  organization={IEEE}
}

@article{zhang2016multiscale,
  title={A multiscale survival process for modeling human activity patterns},
  author={Zhang, Tianyang and Cui, Peng and Song, Chaoming and Zhu, Wenwu and Yang, Shiqiang},
  journal={PloS one},
  volume={11},
  number={3},
  pages={e0151473},
  year={2016},
  publisher={Public Library of Science}
}

@article{bandura1963influence,
  title={Influence of social reinforcement and the behavior of models in shaping children's moral judgment.},
  author={Bandura, Albert and McDonald, Frederick J},
  journal={The Journal of Abnormal and Social Psychology},
  volume={67},
  number={3},
  pages={274},
  year={1963},
  publisher={American Psychological Association}
}

@article{nematzadeh2014optimal,
  title={Optimal network modularity for information diffusion},
  author={Nematzadeh, Azadeh and Ferrara, Emilio and Flammini, Alessandro and Ahn, Yong-Yeol},
  journal={Physical Review Letters},
  volume={113},
  number={8},
  pages={088701},
  year={2014},
  publisher={APS}
}

@article{pinto2012locating,
  title={Locating the source of diffusion in large-scale networks},
  author={Pinto, Pedro C and Thiran, Patrick and Vetterli, Martin},
  journal={Physical Review Letters},
  volume={109},
  number={6},
  pages={068702},
  year={2012},
  publisher={APS}
}

@article{shen2014reconstructing,
  title={Reconstructing propagation networks with natural diversity and identifying hidden sources},
  author={Shen, Zhesi and Wang, Wen-Xu and Fan, Ying and Di, Zengru and Lai, Ying-Cheng},
  journal={Nature Communications},
  volume={5},
  year={2014},
  publisher={Nature Publishing Group}
}

@article{shen2016locating,
  title={Locating the source of diffusion in complex networks by time-reversal backward spreading},
  author={Shen, Zhesi and Cao, Shinan and Wang, Wen-Xu and Di, Zengru and Stanley, H Eugene},
  journal={Physical Review E},
  volume={93},
  number={3},
  pages={032301},
  year={2016},
  publisher={APS}
}
@inproceedings{saxena2015understanding,
  title={Understanding spreading patterns on social networks based on network topology},
  author={Saxena, Akrati and Iyengar, SRS and Gupta, Yayati},
  booktitle={2015 IEEE/ACM International Conference on Advances in Social Networks Analysis and Mining (ASONAM)},
  pages={1616--1617},
  year={2015},
  organization={IEEE}
}

@article{peel2016ground,
  title={The ground truth about metadata and community detection in networks},
  author={Peel, Leto and Larremore, Daniel B and Clauset, Aaron},
  journal={arXiv preprint arXiv:1608.05878},
  year={2016}
}

@article{allen1994some,
  title={Some discrete-time {SI}, {SIR}, and {SIS} epidemic models},
  author={Allen, Linda JS},
  journal={Mathematical Biosciences},
  volume={124},
  number={1},
  pages={83--105},
  year={1994},
  publisher={Elsevier}
}

@article{li2002qualitative,
  title={Qualitative analyses of SIS epidemic model with vaccination and varying total population size},
  author={Li, Jianquan and Ma, Zhien},
  journal={Mathematical and Computer Modelling},
  volume={35},
  number={11},
  pages={1235--1243},
  year={2002},
  publisher={Elsevier}
}

@inproceedings{cheng2014can,
  title={Can cascades be predicted?},
  author={Cheng, Justin and Adamic, Lada and Dow, P Alex and Kleinberg, Jon Michael and Leskovec, Jure},
  booktitle={Proceedings of the 23rd International Conference on World Wide Web},
  pages={925--936},
  year={2014},
  organization={ACM}
}

@inproceedings{cheng2016cascades,
  title={Do Cascades Recur?},
  author={Cheng, Justin and Adamic, Lada A and Kleinberg, Jon M and Leskovec, Jure},
  booktitle={Proceedings of the 25th International Conference on World Wide Web},
  pages={671--681},
  year={2016},
  organization={International World Wide Web Conferences Steering Committee}
}

@article{sheldon2012maximizing,
  title={Maximizing the spread of cascades using network design},
  author={Sheldon, Daniel and Dilkina, Bistra and Elmachtoub, Adam N and Finseth, Ryan and Sabharwal, Ashish and Conrad, Jon and Gomes, Carla P and Shmoys, David and Allen, William and Amundsen, Ole and others},
  journal={arXiv preprint arXiv:1203.3514},
  year={2012}
}

@article{weng2013virality,
  title={Virality prediction and community structure in social networks},
  author={Weng, Lilian and Menczer, Filippo and Ahn, Yong-Yeol},
  journal={Scientific reports},
  volume={3},
  year={2013},
  publisher={Nature Publishing Group}
}

@article{bogdanov2014modeling,
  title={Modeling individual topic-specific behavior and influence backbone networks in social media},
  author={Bogdanov, Petko and Busch, Michael and Moehlis, Jeff and Singh, Ambuj K and Szymanski, Boleslaw K},
  journal={Social Network Analysis and Mining},
  volume={4},
  number={1},
  pages={1--16},
  year={2014},
  publisher={Springer}
}

@article{pastor2001epidemic,
  title={Epidemic spreading in scale-free networks},
  author={Pastor-Satorras, Romualdo and Vespignani, Alessandro},
  journal={Physical Review Letters},
  volume={86},
  number={14},
  pages={3200},
  year={2001},
  publisher={APS}
}

@article{castellano2006non,
  title={Non-mean-field behavior of the contact process on scale-free networks},
  author={Castellano, Claudio and Pastor-Satorras, Romualdo},
  journal={Physical Review Letters},
  volume={96},
  number={3},
  pages={038701},
  year={2006},
  publisher={APS}
}

@article{volz2009epidemic,
  title={Epidemic thresholds in dynamic contact networks},
  author={Volz, Erik and Meyers, Lauren Ancel},
  journal={Journal of the Royal Society Interface},
  volume={6},
  number={32},
  pages={233--241},
  year={2009},
  publisher={The Royal Society}
}

@article{harris1974contact,
  title={Contact interactions on a lattice},
  author={Harris, Theodore E},
  journal={The Annals of Probability},
  pages={969--988},
  year={1974},
  publisher={JSTOR}
}

@article{pastor2015epidemic,
  title={Epidemic processes in complex networks},
  author={Pastor-Satorras, Romualdo and Castellano, Claudio and Van Mieghem, Piet and Vespignani, Alessandro},
  journal={Reviews of Modern Physics},
  volume={87},
  number={3},
  pages={925},
  year={2015},
  publisher={APS}
}

@inproceedings{gomez2013structure,
  title={Structure and dynamics of information pathways in online media},
  author={Gomez Rodriguez, Manuel and Leskovec, Jure and Scholkopf, Bernhard},
  booktitle={Proceedings of the sixth ACM International Conference on Web Search and Data Mining},
  pages={23--32},
  year={2013},
  organization={ACM}
}

@article{laub2015hawkes,
  title={Hawkes Processes},
  author={Laub, Patrick J and Taimre, Thomas and Pollett, Philip K},
  journal={arXiv preprint arXiv:1507.02822},
  year={2015}
}

@inproceedings{kermack1927contribution,
  title={A contribution to the mathematical theory of epidemics},
  author={Kermack, William O and McKendrick, Anderson G},
  booktitle={Proceedings of the Royal Society of London A: Mathematical, Physical and engineering Sciences},
  volume={115},
  pages={700--721},
  year={1927},
  organization={The Royal Society}
}

@inproceedings{kempe2003maximizing,
  title={Maximizing the spread of influence through a social network},
  author={Kempe, David and Kleinberg, Jon and Tardos, Eva},
  booktitle={Proceedings of the ninth ACM SIGKDD International Conference on Knowledge Discovery and Data Mining},
  pages={137--146},
  year={2003},
  organization={ACM}
}

@book{aalen2008survival,
  title={Survival and event history analysis: a process point of view},
  author={Aalen, Odd and Borgan, Ornulf and Gjessing, Hakon},
  year={2008},
  publisher={Springer Science \& Business Media}
}

@article{li2004synchronization,
  title={Synchronization in general complex dynamical networks with coupling delays},
  author={Li, Chunguang and Chen, Guanrong},
  journal={Physica A: Statistical Mechanics and its Applications},
  volume={343},
  pages={263--278},
  year={2004},
  publisher={Elsevier}
}

@article{su2016data,
  title={Data-based reconstruction of complex geospatial networks, nodal positioning and detection of hidden nodes},
  author={Su, Ri-Qi and Wang, Wen-Xu and Wang, Xiao and Lai, Ying-Cheng},
  journal={Royal Society Open Science},
  volume={3},
  number={1},
  pages={150577},
  year={2016},
  publisher={The Royal Society}
}

@article{gleeson2008cascades,
  title={Cascades on correlated and modular random networks},
  author={Gleeson, James P},
  journal={Physical Review E},
  volume={77},
  number={4},
  pages={046117},
  year={2008},
  publisher={APS}
}

@article{weng2014predicting,
  title={Predicting successful memes using network and community structure},
  author={Weng, Lilian and Menczer, Filippo and Ahn, Yong-Yeol},
  journal={arXiv preprint arXiv:1403.6199},
  year={2014}
}

@article{huberman2008social,
  title={Social networks that matter: Twitter under the microscope},
  author={Huberman, Bernardo A and Romero, Daniel M and Wu, Fang},
  journal={arXiv preprint arXiv:0812.1045v1},
  year={2008}
}

@article{liao2015reconstructing,
  title={Reconstructing propagation networks with temporal similarity},
  author={Liao, Hao and Zeng, An},
  journal={Scientific Reports},
  volume={5},
  year={2015},
  publisher={Nature Publishing Group}
}

@inproceedings{gomez2010inferring,
  title={Inferring networks of diffusion and influence},
  author={Gomez Rodriguez, Manuel and Leskovec, Jure and Krause, Andreas},
  booktitle={Proceedings of the 16th ACM SIGKDD International Conference on Knowledge Discovery and Data Mining},
  pages={1019--1028},
  year={2010},
  organization={ACM}
}

@book{adams1995hitchhiker,
  title={The Hitchhiker's Guide to the Galaxy},
  author={Adams, D.},
  isbn={9781417642595},
  url={http://books.google.com/books?id=W-xMPgAACAAJ},
  year={1995},
  publisher={San Val}
}

@article{csermely2013structure,
  title={Structure and dynamics of core/periphery networks},
  author={Csermely, Peter and London, Andras and Wu, Ling-Yun and Uzzi, Brian},
  journal={Journal of Complex Networks},
  volume={1},
  number={2},
  pages={93--123},
  year={2013},
  publisher={Oxford University Press}
}

@article{laub2015hawkes,
  title={Hawkes Processes},
  author={Laub, Patrick J and Taimre, Thomas and Pollett, Philip K},
  journal={arXiv preprint arXiv:1507.02822},
  year={2015}
}

@article{han2016reconstructing,
  title={Reconstructing direct and indirect interactions in networked public goods game},
  author={Han, Xiao and Shen, Zhesi and Wang, Wen-Xu and Lai, Ying-Cheng and Grebogi, Celso},
  journal={Scientific reports},
  volume={6},
  pages={30241},
  year={2016},
  publisher={Nature Publishing Group}
}

@article{braunstein2016network,
  title={Network dismantling},
  author={Braunstein, Alfredo and Dall’Asta, Luca and Semerjian, Guilhem and Zdeborova, Lenka},
  journal={Proceedings of the National Academy of Sciences},
  pages={201605083},
  year={2016},
  publisher={National Acad Sciences}
}

@article{powers2011evaluation,
  title={Evaluation: from precision, recall and F-measure to ROC, informedness, markedness and correlation},
  author={Powers, David Martin},
  year={2011},
  publisher={Bioinfo Publications}
}

@article{weng2013virality,
  title={Virality prediction and community structure in social networks},
  author={Weng, Lilian and Menczer, Filippo and Ahn, Yong-Yeol},
  journal={Scientific Reports},
  volume={3},
  year={2013},
  publisher={Nature Publishing Group}
}

@article{rodriguez2011uncovering,
  title={Uncovering the temporal dynamics of diffusion networks},
  author={Rodriguez, Manuel Gomez and Balduzzi, David and Scholkopf, Bernhard},
  journal={arXiv preprint arXiv:1105.0697},
  year={2011}
}

@inproceedings{xie2011slpa,
  title={SLPA: Uncovering overlapping communities in social networks via a speaker-listener interaction dynamic process},
  author={Xie, Jierui and Szymanski, Boleslaw K and Liu, Xiaoming},
  booktitle={Data Mining Workshops (ICDMW), 2011 IEEE 11th International Conference on},
  pages={344--349},
  year={2011},
  organization={IEEE}
}

@article{lin2007projected,
  title={Projected gradient methods for nonnegative matrix factorization},
  author={Lin, Chih-Jen},
  journal={Neural Computation},
  volume={19},
  number={10},
  pages={2756--2779},
  year={2007},
  publisher={MIT Press}
}

@article{barabasi1999emergence,
  title={Emergence of scaling in random networks},
  author={Barabasi, Albert-Laszlo and Albert, Reka},
  journal={Science},
  volume={286},
  number={5439},
  pages={509--512},
  year={1999},
  publisher={American Association for the Advancement of Science}
}

@article{erdos1960evolution,
  title={On the evolution of random graphs},
  author={Erdos, Paul and Renyi, Alfred},
  journal={Publ. Math. Inst. Hung. Acad. Sci},
  volume={5},
  number={1},
  pages={17--60},
  year={1960},
  publisher={Citeseer}
}

@article{holland1983stochastic,
  title={Stochastic blockmodels: First steps},
  author={Holland, Paul W and Laskey, Kathryn Blackmond and Leinhardt, Samuel},
  journal={Social Networks},
  volume={5},
  number={2},
  pages={109--137},
  year={1983},
  publisher={Elsevier}
}

@article{suykens1999least,
  title={Least squares support vector machine classifiers},
  author={Suykens, Johan AK and Vandewalle, Joos},
  journal={Neural Processing Letters},
  volume={9},
  number={3},
  pages={293--300},
  year={1999},
  publisher={Springer}
}

@inproceedings{lee2001algorithms,
  title={Algorithms for non-negative matrix factorization},
  author={Lee, Daniel D and Seung, H Sebastian},
  booktitle={Advances in Neural Information Processing Systems},
  pages={556--562},
  year={2001}
}

@article{psorakis2011overlapping,
  title={Overlapping community detection using bayesian non-negative matrix factorization},
  author={Psorakis, Ioannis and Roberts, Stephen and Ebden, Mark and Sheldon, Ben},
  journal={Physical Review E},
  volume={83},
  number={6},
  pages={066114},
  year={2011},
  publisher={APS}
}

@inproceedings{yang2013overlapping,
  title={Overlapping community detection at scale: a nonnegative matrix factorization approach},
  author={Yang, Jaewon and Leskovec, Jure},
  booktitle={Proceedings of the Sixth ACM International Conference on Web Search and Data Mining},
  pages={587--596},
  year={2013},
  organization={ACM}
}

@article{johnson1967hierarchical,
  title={Hierarchical clustering schemes},
  author={Johnson, Stephen C},
  journal={Psychometrika},
  volume={32},
  number={3},
  pages={241--254},
  year={1967},
  publisher={Springer}
}

@book{miller2011survival,
  title={Survival analysis},
  author={Miller Jr, Rupert G},
  volume={66},
  year={2011},
  publisher={John Wiley \& Sons}
}

@inproceedings{recht2011hogwild,
  title={Hogwild: A lock-free approach to parallelizing stochastic gradient descent},
  author={Recht, Benjamin and Re, Christopher and Wright, Stephen and Niu, Feng},
  booktitle={Advances in Neural Information Processing Systems},
  pages={693--701},
  year={2011}
}

@article{karsai2011small,
  title={Small but slow world: How network topology and burstiness slow down spreading},
  author={Karsai, Marton and Kivela, Mikko and Pan, Raj Kumar and Kaski, Kimmo and Kertesz, Janos and Barabasi, A-L and Saramaki, Jari},
  journal={Physical Review E},
  volume={83},
  number={2},
  pages={025102},
  year={2011},
  publisher={APS}
}

@article{ji2016parallelizing,
  title={Parallelizing word2vec in shared and distributed memory},
  author={Ji, Shihao and Satish, Nadathur and Li, Sheng and Dubey, Pradeep},
  journal={arXiv preprint arXiv:1604.04661},
  year={2016}
}

@inproceedings{mikolov2013distributed,
  title={Distributed representations of words and phrases and their compositionality},
  author={Mikolov, Tomas and Sutskever, Ilya and Chen, Kai and Corrado, Greg S and Dean, Jeff},
  booktitle={Advances in neural information processing systems},
  pages={3111--3119},
  year={2013}
}

@article{mnih2012fast,
  title={A fast and simple algorithm for training neural probabilistic language models},
  author={Mnih, Andriy and Teh, Yee Whye},
  journal={arXiv preprint arXiv:1206.6426},
  year={2012}
}

@article{mossel2012stochastic,
  title={Stochastic block models and reconstruction},
  author={Mossel, Elchanan and Neeman, Joe and Sly, Allan},
  journal={arXiv preprint arXiv:1202.1499},
  year={2012}
}

@article{vinh2010information,
  title={Information theoretic measures for clusterings comparison: Variants, properties, normalization and correction for chance},
  author={Vinh, Nguyen Xuan and Epps, Julien and Bailey, James},
  journal={Journal of Machine Learning Research},
  volume={11},
  number={Oct},
  pages={2837--2854},
  year={2010}
}

@article{liaw2002classification,
  title={Classification and regression by randomForest},
  author={Liaw, Andy and Wiener, Matthew and others},
  journal={R news},
  volume={2},
  number={3},
  pages={18--22},
  year={2002}
}

@article{hubert1985comparing,
  title={Comparing partitions},
  author={Hubert, Lawrence and Arabie, Phipps},
  journal={Journal of classification},
  volume={2},
  number={1},
  pages={193--218},
  year={1985},
  publisher={Springer}
}

@inproceedings{yang2010modeling,
  title={Modeling information diffusion in implicit networks},
  author={Yang, Jaewon and Leskovec, Jure},
  booktitle={Data Mining (ICDM), 2010 IEEE 10th International Conference on},
  pages={599--608},
  year={2010},
  organization={IEEE}
}

@inproceedings{guille2012predictive,
  title={A predictive model for the temporal dynamics of information diffusion in online social networks},
  author={Guille, Adrien and Hacid, Hakim},
  booktitle={Proceedings of the 21st International Conference on World Wide Web},
  pages={1145--1152},
  year={2012},
  organization={ACM}
}

@article{hjarvard2001news,
  title={News media and the globalization of the public sphere},
  author={Hjarvard, Stig},
  journal={News in a Globalized Society},
  pages={17--39},
  year={2001},
  publisher={Gothenburg University Nordicom}
}

@article{blondel2008fast,
  title={Fast unfolding of communities in large networks},
  author={Blondel, Vincent D and Guillaume, Jean-Loup and Lambiotte, Renaud and Lefebvre, Etienne},
  journal={Journal of Statistical Mechanics: Theory and Experiment},
  volume={2008},
  number={10},
  pages={P10008},
  year={2008},
  publisher={IOP Publishing}
}

@inproceedings{leetaru2013gdelt,
  title={Gdelt: Global data on events, location, and tone, 1979--2012},
  author={Leetaru, Kalev and Schrodt, Philip A},
  booktitle={ISA Annual Convention},
  volume={2},
  pages={1--49},
  year={2013},
  organization={Citeseer}
}

@article{lu2017adaptive,
  title={Adaptive Modularity Maximization via Edge Weighting Scheme},
  author={Lu, Xiaoyan and Kuzmin, Konstantin and Chen, Mingming and Szymanski, Boleslaw K},
  journal={Information Sciences},
  year={2018}
}

@inproceedings{xie2011community,
  title={Community detection using a neighborhood strength driven label propagation algorithm},
  author={Xie, Jierui and Szymanski, Boleslaw K},
  booktitle={Network Science Workshop (NSW), 2011 IEEE},
  pages={188--195},
  year={2011},
  organization={IEEE}
}

@article{fortunato2010community,
  title={Community detection in graphs},
  author={Fortunato, Santo},
  journal={Physics Reports},
  volume={486},
  number={3},
  pages={75--174},
  year={2010},
  publisher={Elsevier}
}

@inproceedings{malewicz2010pregel,
  title={Pregel: a system for large-scale graph processing},
  author={Malewicz, Grzegorz and Austern, Matthew H and Bik, Aart JC and Dehnert, James C and Horn, Ilan and Leiser, Naty and Czajkowski, Grzegorz},
  booktitle={Proceedings of the 2010 ACM SIGMOD International Conference on Management of data},
  pages={135--146},
  year={2010},
  organization={ACM}
}

@article{avery2011giraph,
  title={Giraph: Large-scale graph processing infrastructure on hadoop},
  author={Avery, Ching},
  journal={Proceedings of the Hadoop Summit. Santa Clara},
  volume={11},
  number={3},
  pages={5--9},
  year={2011}
}

@book{gropp1999using,
  title={Using MPI: portable parallel programming with the message-passing interface},
  author={Gropp, William and Lusk, Ewing and Skjellum, Anthony},
  volume={1},
  year={1999},
  publisher={MIT press}
}

@article{haring2012ibm,
  title={The IBM blue gene/q compute chip},
  author={Haring, Ruud and Ohmacht, Martin and Fox, Thomas and Gschwind, Michael and Satterfield, David and Sugavanam, Krishnan and Coteus, Paul and Heidelberger, Philip and Blumrich, Matthias and Wisniewski, Robert and others},
  journal={IEEE Micro},
  volume={32},
  number={2},
  pages={48--60},
  year={2012},
  publisher={IEEE}
}

@article{hui2006small,
  title={Small-world overlay P2P networks: construction, management and handling of dynamic flash crowds},
  author={Hui, Ken YK and Lui, John CS and Yau, David KY},
  journal={Computer Networks},
  volume={50},
  number={15},
  pages={2727--2746},
  year={2006},
  publisher={Elsevier}
}

@inproceedings{faloutsos1999power,
  title={On power-law relationships of the internet topology},
  author={Faloutsos, Michalis and Faloutsos, Petros and Faloutsos, Christos},
  booktitle={ACM SIGCOMM computer communication review},
  volume={29},
  pages={251--262},
  year={1999},
  organization={ACM}
}

@article{barabasi1999diameter,
  title={Diameter of the world-wide web},
  author={Barabasi, Albert-Laszlo and Albert, Reka and Jeong, Hawoong},
  journal={Nature},
  volume={401},
  number={9},
  pages={130--131},
  year={1999}
}

@article{barabasi2002evolution,
  title={Evolution of the social network of scientific collaborations},
  author={Barabasi, Albert-Laszlo and Jeong, Hawoong and Neda, Zoltan and Ravasz, Erzsebet and Schubert, Andras and Vicsek, Tamas},
  journal={Physica A: Statistical Mechanics and its Applications},
  volume={311},
  number={3},
  pages={590--614},
  year={2002},
  publisher={Elsevier}
}

@article{cohen2003scale,
  title={Scale-free networks are ultrasmall},
  author={Cohen, Reuven and Havlin, Shlomo},
  journal={Physical Review Letters},
  volume={90},
  number={5},
  pages={058701},
  year={2003},
  publisher={APS}
}

@article{guclu2009limited,
  title={Limited scale-free overlay topologies for unstructured peer-to-peer networks},
  author={Guclu, Hasan and Yuksel, Murat},
  journal={IEEE Transactions on Parallel and Distributed Systems},
  volume={20},
  number={5},
  pages={667--679},
  year={2009},
  publisher={IEEE}
}

@inproceedings{bent2008dynamic,
  title={A dynamic distributed federated database},
  author={Bent, Graham and Dantressangle, Patrick and Vyvyan, David and Mowshowitz, Abbe and Mitsou, Valia},
  booktitle={Proc. 2nd Ann. Conf. International Technology Alliance},
  year={2008}
}

@article{bulut2014constructing,
  title={Constructing limited scale-free topologies over peer-to-peer networks},
  author={Bulut, Eyuphan and Szymanski, Boleslaw K},
  journal={IEEE Transactions on Parallel and Distributed Systems},
  volume={25},
  number={4},
  pages={919--928},
  year={2014},
  publisher={IEEE}
}

@inproceedings{stutzbach2006understanding,
  title={Understanding churn in peer-to-peer networks},
  author={Stutzbach, Daniel and Rejaie, Reza},
  booktitle={Proceedings of the 6th ACM SIGCOMM conference on Internet measurement},
  pages={189--202},
  year={2006},
  organization={ACM}
}

@article{albert2000error,
  title={Error and attack tolerance of complex networks},
  author={Albert, Reka and Jeong, Hawoong and Barabasi, Albert-Laszlo},
  journal={nature},
  volume={406},
  number={6794},
  pages={378--382},
  year={2000},
  publisher={Nature Publishing Group}
}

@article{korniss2007synchronization,
  title={Synchronization in weighted uncorrelated complex networks in a noisy environment: Optimization and connections with transport efficiency},
  author={Korniss, G},
  journal={Physical Review E},
  volume={75},
  number={5},
  pages={051121},
  year={2007},
  publisher={APS}
}

@article{toroczkai2004network,
  title={Network dynamics: Jamming is limited in scale-free systems},
  author={Toroczkai, Zoltan and Bassler, Kevin E},
  journal={Nature},
  volume={428},
  number={6984},
  pages={716--716},
  year={2004},
  publisher={Nature Publishing Group}
}

@article{adamic2001search,
  title={Search in power-law networks},
  author={Adamic, Lada A and Lukose, Rajan M and Puniyani, Amit R and Huberman, Bernardo A},
  journal={Physical Review E},
  volume={64},
  number={4},
  pages={046135},
  year={2001},
  publisher={APS}
}

@inproceedings{xiao2006nisp1,
  title={NISp1-06: On intentional attacks and protections in complex communication networks},
  author={Xiao, Shi and Xiao, Gaoxi},
  booktitle={Global Telecommunications Conference, 2006. GLOBECOM'06. IEEE},
  pages={1--5},
  year={2006},
  organization={IEEE}
}

@article{crucitti2003efficiency,
  title={Efficiency of scale-free networks: error and attack tolerance},
  author={Crucitti, Paolo and Latora, Vito and Marchiori, Massimo and Rapisarda, Andrea},
  journal={Physica A: Statistical Mechanics and its Applications},
  volume={320},
  pages={622--642},
  year={2003},
  publisher={Elsevier}
}

@article{jeong2001lethality,
  title={Lethality and centrality in protein networks},
  author={Jeong, Hawoong and Mason, Sean P and Barabasi, A-L and Oltvai, Zoltan N},
  journal={Nature},
  volume={411},
  number={6833},
  pages={41--42},
  year={2001},
  publisher={Nature Publishing Group}
}

@article{szymanski2008computing,
  title={Computing with time: from neural networks to sensor networks},
  author={Szymanski, Boleslaw K and Chen, Gilbert G},
  journal={The Computer Journal},
  volume={51},
  number={4},
  pages={511--522},
  year={2008},
  publisher={Oxford University Press}
}

@article{szymanski2011growing,
  title={On growing perfect power-law graphs},
  author={Szymanski, BK},
  journal={Technical Report 11-02, Department of Computer Science},
  year={2011}
}

@article{clauset2009power,
  title={Power-law distributions in empirical data},
  author={Clauset, Aaron and Shalizi, Cosma Rohilla and Newman, Mark EJ},
  journal={SIAM Review},
  volume={51},
  number={4},
  pages={661--703},
  year={2009},
  publisher={SIAM}
}

@article{fire2013computationally,
  title={Computationally efficient link prediction in a variety of social networks},
  author={Fire, Michael and Tenenboim-Chekina, Lena and Puzis, Rami and Lesser, Ofrit and Rokach, Lior and Elovici, Yuval},
  journal={ACM Transactions on Intelligent Systems and Technology (TIST)},
  volume={5},
  number={1},
  pages={10},
  year={2013},
  publisher={ACM}
}

@article{brandes2008modularity,
  title={On modularity clustering},
  author={Brandes, Ulrik and Delling, Daniel and Gaertler, Marco and Gorke, Robert and Hoefer, Martin and Nikoloski, Zoran and Wagner, Dorothea},
  journal={IEEE Transactions on Knowledge and Data Engineering},
  volume={20},
  number={2},
  pages={172--188},
  year={2008},
  publisher={IEEE}
}

@book{nocedal2006numerical,
  title={Numerical optimization},
  author={Nocedal, Jorge and Wright, Stephen},
  year={2006},
  publisher={Springer Science \& Business Media},
  pages={136}
}

@inproceedings{ciglan2013community,
  title={On community detection in real-world networks and the importance of degree assortativity},
  author={Ciglan, Marek and Laclavik, Michal and Norvaag, Kjetil},
  booktitle={Proceedings of the 19th ACM SIGKDD International Conference on Knowledge Discovery and Data Mining},
  pages={1007--1015},
  year={2013},
  organization={ACM}
}

@article{khadivi2011network,
  title={Network community detection enhancement by proper weighting},
  author={Khadivi, Alireza and Rad, Ali Ajdari and Hasler, Martin},
  journal={Physical Review E},
  volume={83},
  number={4},
  pages={046104},
  year={2011},
  publisher={APS}
}

@article{peel2016ground,
  title={The ground truth about metadata and community detection in networks},
  author={Peel, Leto and Larremore, Daniel B and Clauset, Aaron},
  journal={arXiv preprint arXiv:1608.05878},
  year={2016}
}

@article{fortunato2016community,
  title={Community detection in networks: A user guide},
  author={Fortunato, Santo and Hric, Darko},
  journal={Physics Reports},
  year={2016},
  publisher={Elsevier}
}

@article{de2013enhancing,
  title={Enhancing community detection using a network weighting strategy},
  author={De Meo, Pasquale and Ferrara, Emilio and Fiumara, Giacomo and Provetti, Alessandro},
  journal={Information Sciences},
  volume={222},
  pages={648--668},
  year={2013},
  publisher={Elsevier}
}

@inproceedings{white2005spectral,
  title={A spectral clustering approach to finding communities in graphs},
  author={White, Scott and Smyth, Padhraic},
  booktitle={Proceedings of the 2005 SIAM International Conference on Data Mining},
  pages={274--285},
  year={2005},
  organization={SIAM}
}

@article{richardson2009spectral,
  title={Spectral tripartitioning of networks},
  author={Richardson, Thomas and Mucha, Peter J and Porter, Mason A},
  journal={Physical Review E},
  volume={80},
  number={3},
  pages={036111},
  year={2009},
  publisher={APS}
}

@article{ruan2008identifying,
  title={Identifying network communities with a high resolution},
  author={Ruan, Jianhua and Zhang, Weixiong},
  journal={Physical Review E},
  volume={77},
  number={1},
  pages={016104},
  year={2008},
  publisher={APS}
}

@article{berry2011tolerating,
  title={Tolerating the community detection resolution limit with edge weighting},
  author={Berry, Jonathan W and Hendrickson, Bruce and LaViolette, Randall A and Phillips, Cynthia A},
  journal={Physical Review E},
  volume={83},
  number={5},
  pages={056119},
  year={2011},
  publisher={APS}
}

@article{yang2015defining,
  title={Defining and evaluating network communities based on ground-truth},
  author={Yang, Jaewon and Leskovec, Jure},
  journal={Knowledge and Information Systems},
  volume={42},
  number={1},
  pages={181--213},
  year={2015},
  publisher={Springer}
}

@article{chenimproving,
  title={Improving Network Community Structure with Link Prediction Ranking},
  author={Chen, Mingming and Bahulkar, Ashwin and Kuzmin, Konstantin and Szymanski, Boleslaw K}
}

@article{wu2015robust,
  title={Robust local community detection: on free rider effect and its elimination},
  author={Wu, Yubao and Jin, Ruoming and Li, Jing and Zhang, Xiang},
  journal={Proceedings of the VLDB Endowment},
  volume={8},
  number={7},
  pages={798--809},
  year={2015},
  publisher={VLDB Endowment}
}

@article{newman2006finding,
  title={Finding community structure in networks using the eigenvectors of matrices},
  author={Newman, Mark EJ},
  journal={Physical Review E},
  volume={74},
  number={3},
  pages={036104},
  year={2006},
  publisher={APS}
}

@article{newman2004fast,
  title={Fast algorithm for detecting community structure in networks},
  author={Newman, Mark EJ},
  journal={Physical Review E},
  volume={69},
  number={6},
  pages={066133},
  year={2004},
  publisher={APS}
}

@article{clauset2004finding,
  title={Finding community structure in very large networks},
  author={Clauset, Aaron and Newman, Mark EJ and Moore, Cristopher},
  journal={Physical Review E},
  volume={70},
  number={6},
  pages={066111},
  year={2004},
  publisher={APS}
}

@inproceedings{pons2005computing,
  title={Computing communities in large networks using random walks},
  author={Pons, Pascal and Latapy, Matthieu},
  booktitle={International Symposium on Computer and Information Sciences},
  pages={284--293},
  year={2005},
  organization={Springer}
}

@article{sales2007extracting,
  title={Extracting the hierarchical organization of complex systems},
  author={Sales-Pardo, Marta and Guimera, Roger and Moreira, Andre A and Amaral, Luis A Nunes},
  journal={Proceedings of the National Academy of Sciences},
  volume={104},
  number={39},
  pages={15224--15229},
  year={2007},
  publisher={National Acad Sciences}
}

@article{good2010performance,
  title={Performance of modularity maximization in practical contexts},
  author={Good, Benjamin H and de Montjoye, Yves-Alexandre and Clauset, Aaron},
  journal={Physical Review E},
  volume={81},
  number={4},
  pages={046106},
  year={2010},
  publisher={APS}
}

@article{newman2013spectral,
  title={Spectral methods for community detection and graph partitioning},
  author={Newman, Mark EJ},
  journal={Physical Review E},
  volume={88},
  number={4},
  pages={042822},
  year={2013},
  publisher={APS}
}

@article{newman2006modularity,
  title={Modularity and community structure in networks},
  author={Newman, Mark EJ},
  journal={Proceedings of the National Academy of Sciences},
  volume={103},
  number={23},
  pages={8577--8582},
  year={2006},
  publisher={National Acad Sciences}
}

@article{fortunato2007resolution,
  title={Resolution limit in community detection},
  author={Fortunato, Santo and Barthelemy, Marc},
  journal={Proceedings of the National Academy of Sciences},
  volume={104},
  number={1},
  pages={36--41},
  year={2007},
  publisher={National Academic Sciences}
}

@article{chen2015new,
  title={A new metric for quality of network community structure},
  author={Chen, Mingming and Nguyen, Tommy and Szymanski, Boleslaw K},
  journal={ASE Human Journal},
  volume={2},
  number={4},
  pages={226--240},
  year={2012}
}

@inproceedings{tang2009social,
  title={Social influence analysis in large-scale networks},
  author={Tang, Jie and Sun, Jimeng and Wang, Chi and Yang, Zi},
  booktitle={Proceedings of the 15th ACM SIGKDD International Conference on Knowledge Discovery and Data Mining},
  pages={807--816},
  year={2009},
  organization={ACM}
}

@inproceedings{goyal2010learning,
  title={Learning influence probabilities in social networks},
  author={Goyal, Amit and Bonchi, Francesco and Lakshmanan, Laks VS},
  booktitle={Proceedings of the Third ACM International Conference on Web Search and Data Mining},
  pages={241--250},
  year={2010},
  organization={ACM}
}

@inproceedings{ruan2013efficient,
  title={Efficient community detection in large networks using content and links},
  author={Ruan, Yiye and Fuhry, David and Parthasarathy, Srinivasan},
  booktitle={Proceedings of the 22nd International Conference on World Wide Web},
  pages={1089--1098},
  year={2013},
  organization={ACM}
}

@inproceedings{backstrom2011supervised,
  title={Supervised random walks: predicting and recommending links in social networks},
  author={Backstrom, Lars and Leskovec, Jure},
  booktitle={Proceedings of the Fourth ACM International Conference on Web Search and Data Mining},
  pages={635--644},
  year={2011},
  organization={ACM}
}

@article{ma2010semi,
  title={Semi-supervised clustering algorithm for community structure detection in complex networks},
  author={Ma, Xiaoke and Gao, Lin and Yong, Xuerong and Fu, Lidong},
  journal={Physica A: Statistical Mechanics and its Applications},
  volume={389},
  number={1},
  pages={187--197},
  year={2010},
  publisher={Elsevier}
}

@book{wagner2007comparing,
  title={Comparing clusterings: an overview},
  author={Wagner, Silke and Wagner, Dorothea},
  year={2007},
  publisher={Universitat Karlsruhe, Fakultat fur Informatik}
}

@article{raghavan2007near,
  title={Near linear time algorithm to detect community structures in large-scale networks},
  author={Raghavan, Usha Nandini and Albert, Reka and Kumara, Soundar},
  journal={Physical Review E},
  volume={76},
  number={3},
  pages={036106},
  year={2007},
  publisher={APS}
}

@article{girvan2002community,
  title={Community structure in social and biological networks},
  author={Girvan, Michelle and Newman, Mark EJ},
  journal={Proceedings of the National Academy of Sciences},
  volume={99},
  number={12},
  pages={7821--7826},
  year={2002},
  publisher={National Acad Sciences}
}

@article{leskovec2007graph,
  title={Graph evolution: Densification and shrinking diameters},
  author={Leskovec, Jure and Kleinberg, Jon and Faloutsos, Christos},
  journal={ACM Transactions on Knowledge Discovery from Data (TKDD)},
  volume={1},
  number={1},
  pages={2},
  year={2007},
  publisher={ACM}
}

@inproceedings{xie2013labelrank,
  title={Labelrank: A stabilized label propagation algorithm for community detection in networks},
  author={Xie, Jierui and Szymanski, Boleslaw K},
  booktitle={Network Science Workshop (NSW), 2013 IEEE 2nd},
  pages={138--143},
  year={2013},
  organization={IEEE}
}

@article{lancichinetti2008benchmark,
  title={Benchmark graphs for testing community detection algorithms},
  author={Lancichinetti, Andrea and Fortunato, Santo and Radicchi, Filippo},
  journal={Physical Review E},
  volume={78},
  number={4},
  pages={046110},
  year={2008},
  publisher={APS}
}

@article{chen2014community,
  title={Community detection via maximization of modularity and its variants},
  author={Chen, Mingming and Kuzmin, Konstantin and Szymanski, Boleslaw K},
  journal={IEEE Transactions on Computational Social Systems},
  volume={1},
  number={1},
  pages={46--65},
  year={2014},
  publisher={IEEE}
}

@article{evans2010clique,
  title={Clique graphs and overlapping communities},
  author={Evans, Tim S},
  journal={Journal of Statistical Mechanics: Theory and Experiment},
  volume={2010},
  number={12},
  pages={P12037},
  year={2010},
  publisher={IOP Publishing}
}

@misc{taylor2000change,
  title={Change-point analysis: a powerful new tool for detecting changes},
  author={Taylor, Wayne A},
  year={2000}
}

@article{zhang2008community,
  title={Community structure in Congressional cosponsorship networks},
  author={Zhang, Yan and Friend, Andrew J and Traud, Amanda L and Porter, Mason A and Fowler, James H and Mucha, Peter J},
  journal={Physica A: Statistical Mechanics and its Applications},
  volume={387},
  number={7},
  pages={1705--1712},
  year={2008},
  publisher={Elsevier}
}

@article{peixoto2014efficient,
  title={Efficient Monte Carlo and greedy heuristic for the inference of stochastic block models},
  author={Peixoto, Tiago P},
  journal={Physical Review E},
  volume={89},
  number={1},
  pages={012804},
  year={2014},
  publisher={APS}
}

@article{karrer2011stochastic,
  title={Stochastic blockmodels and community structure in networks},
  author={Karrer, Brian and Newman, Mark EJ},
  journal={Physical Review E},
  volume={83},
  number={1},
  pages={016107},
  year={2011},
  publisher={APS}
}

@inproceedings{kulkarni2015statistically,
  title={Statistically significant detection of linguistic change},
  author={Kulkarni, Vivek and Al-Rfou, Rami and Perozzi, Bryan and Skiena, Steven},
  booktitle={Proceedings of the 24th International Conference on World Wide Web},
  pages={625--635},
  year={2015},
  organization={International World Wide Web Conferences Steering Committee}
}

@article{lynch2015media,
  title={How the media trashed the transitions},
  author={Lynch, Marc},
  journal={Journal of Democracy},
  volume={26},
  number={4},
  pages={90--99},
  year={2015},
  publisher={The Johns Hopkins University Press}
}

@article{lee2014social,
  title={Social media, network heterogeneity, and opinion polarization},
  author={Lee, Jae Kook and Choi, Jihyang and Kim, Cheonsoo and Kim, Yonghwan},
  journal={Journal of communication},
  volume={64},
  number={4},
  pages={702--722},
  year={2014},
  publisher={Wiley Online Library}
}

@article{lu2019asymptotic,
  title={Asymptotic resolution bounds of generalized modularity and statistically significant community detection},
  author={Lu, Xiaoyan and Szymanski, Boleslaw K},
  journal={arXiv preprint arXiv:1902.04243},
  year={2019}
}

@article{zachary1977information,
  title={An information flow model for conflict and fission in small groups},
  author={Zachary, Wayne W},
  journal={Journal of anthropological research},
  volume={33},
  number={4},
  pages={452--473},
  year={1977},
  publisher={University of New Mexico}
}

@article{wiki104th,
  author = {Wikipedia},
  title = {104th United States Congress},
  journal= {https://en.wikipedia.org/wiki/104th\_United\_States\_Congress},
  year = {2017 [Online; accessed 12-Nov-2017]},
  note = ""
}

@article{zhao2012consistency,
  title={Consistency of community detection in networks under degree-corrected stochastic block models},
  author={Zhao, Yunpeng and Levina, Elizaveta and Zhu, Ji and others},
  journal={The Annals of Statistics},
  volume={40},
  number={4},
  pages={2266--2292},
  year={2012},
  publisher={Institute of Mathematical Statistics}
}

@article{perry2012null,
  title={Null models for network data},
  author={Perry, Patrick O and Wolfe, Patrick J},
  journal={arXiv preprint arXiv:1201.5871},
  year={2012}
}

@article{diamond1990three,
  title={Three paradoxes of democracy},
  author={Diamond, Larry Jay},
  journal={Journal of Democracy},
  volume={1},
  number={3},
  pages={48--60},
  year={1990},
  publisher={Johns Hopkins University Press}
}

@article{feldman2003enforcing,
  title={Enforcing social conformity: A theory of authoritarianism},
  author={Feldman, Stanley},
  journal={Political psychology},
  volume={24},
  number={1},
  pages={41--74},
  year={2003},
  publisher={Wiley Online Library}
}

@misc{turner1991social,
  title={Social influence. Thomson Brooks},
  author={Turner, John C},
  year={1991},
  publisher={Cole Publishing Co Pacific Grove, CA, USA:}
}

@article{klucharev2009reinforcement,
  title={Reinforcement learning signal predicts social conformity},
  author={Klucharev, Vasily and Hytonen, Kaisa and Rijpkema, Mark and Smidts, Ale and Fernandez, Guillen},
  journal={Neuron},
  volume={61},
  number={1},
  pages={140--151},
  year={2009},
  publisher={Elsevier}
}

@article{mcpherson2001birds,
  title={Birds of a feather: Homophily in social networks},
  author={McPherson, Miller and Smith-Lovin, Lynn and Cook, James M},
  journal={Annual review of sociology},
  volume={27},
  number={1},
  pages={415--444},
  year={2001},
  publisher={Annual Reviews 4139 El Camino Way, PO Box 10139, Palo Alto, CA 94303-0139, USA}
}

@article{stroud2010polarization,
  title={Polarization and partisan selective exposure},
  author={Stroud, Natalie Jomini},
  journal={Journal of communication},
  volume={60},
  number={3},
  pages={556--576},
  year={2010},
  publisher={Oxford University Press}
}

@article{ferrara2016rise,
  title={The rise of social bots},
  author={Ferrara, Emilio and Varol, Onur and Davis, Clayton and Menczer, Filippo and Flammini, Alessandro},
  journal={Communications of the ACM},
  volume={59},
  number={7},
  pages={96--104},
  year={2016},
  publisher={ACM}
}

@article{garrett2009echo,
  title={Echo chambers online?: Politically motivated selective exposure among Internet news users},
  author={Garrett, R Kelly},
  journal={Journal of Computer-Mediated Communication},
  volume={14},
  number={2},
  pages={265--285},
  year={2009},
  publisher={Oxford University Press Oxford, UK}
}

@article{madsen2018large,
  title={Large networks of rational agents form persistent echo chambers},
  author={Madsen, Jens Koed and Bailey, Richard M and Pilditch, Toby D},
  journal={Scientific reports},
  volume={8},
  number={1},
  pages={12391},
  year={2018},
  publisher={Nature Publishing Group}
}

@article{jin2014misinformation,
  title={Misinformation propagation in the age of twitter.},
  author={Jin, Fang and Wang, Wei and Zhao, Liang and Dougherty, Edward R and Cao, Yang and Lu, Chang-Tien and Ramakrishnan, Naren},
  journal={IEEE Computer},
  volume={47},
  number={12},
  pages={90--94},
  year={2014}
}

@article{allcott2017social,
  title={Social media and fake news in the 2016 election},
  author={Allcott, Hunt and Gentzkow, Matthew},
  journal={Journal of economic perspectives},
  volume={31},
  number={2},
  pages={211--36},
  year={2017}
}

@article{garimella2018polarization,
  title={Quantifying controversy on social media},
  author={Garimella, Kiran and Morales, Gianmarco De Francisci and Gionis, Aristides and Mathioudakis, Michael},
  journal={ACM Transactions on Social Computing},
  volume={1},
  number={1},
  pages={3},
  year={2018},
  publisher={ACM}
}

@article{dixit2007political,
  title={Political polarization},
  author={Dixit, Avinash K and Weibull, Jorgen W},
  journal={Proceedings of the National Academy of Sciences},
  volume={104},
  number={18},
  pages={7351--7356},
  year={2007},
  publisher={National Acad Sciences}
}

@article{deutsch1955study,
  title={A study of normative and informational social influences upon individual judgment.},
  author={Deutsch, Morton and Gerard, Harold B},
  journal={The journal of abnormal and social psychology},
  volume={51},
  number={3},
  pages={629},
  year={1955},
  publisher={American Psychological Association}
}

@misc{lewis2017voteview,
  title={Voteview: Congressional roll-call votes database},
  author={Lewis, Jeffrey B and Poole, Keith and Rosenthal, Howard and Boche, Adam and Rudkin, Aaron and Sonnet, Luke},
  year={2017}
}

@article{rice1928quantitative,
  title={Quantitative methods in politics.},
  author={Rice, Stuart Arthur},
  year={1928},
  publisher={Knopf}
}

@article{abrams2011dynamics,
  title={Dynamics of social group competition: modeling the decline of religious affiliation},
  author={Abrams, Daniel M and Yaple, Haley A and Wiener, Richard J},
  journal={Physical Review Letters},
  volume={107},
  number={8},
  pages={088701},
  year={2011},
  publisher={APS}
}

@article{moody2013portrait,
  title={Portrait of political party polarization},
  author={Moody, James and Mucha, Peter J},
  journal={Network Science},
  volume={1},
  number={1},
  pages={119--121},
  year={2013},
  publisher={Cambridge University Press}
}

@book{silverman2018density,
  title={Density estimation for statistics and data analysis},
  author={Silverman, Bernard W},
  year={2018},
  publisher={Routledge}
}

@article{baldassarri2007dynamics,
  title={Dynamics of political polarization},
  author={Baldassarri, Delia and Bearman, Peter},
  journal={American sociological review},
  volume={72},
  number={5},
  pages={784--811},
  year={2007},
  publisher={Sage Publications Sage CA: Los Angeles, CA}
}

@article{bail2018exposure,
  title={Exposure to opposing views on social media can increase political polarization},
  author={Bail, Christopher A and Argyle, Lisa P and Brown, Taylor W and Bumpus, John P and Chen, Haohan and Hunzaker, MB Fallin and Lee, Jaemin and Mann, Marcus and Merhout, Friedolin and Volfovsky, Alexander},
  journal={Proceedings of the National Academy of Sciences},
  volume={115},
  number={37},
  pages={9216--9221},
  year={2018},
  publisher={National Acad Sciences}
}

@article{abrams2003linguistics,
  title={Linguistics: Modelling the dynamics of language death},
  author={Abrams, Daniel M and Strogatz, Steven H},
  journal={Nature},
  volume={424},
  number={6951},
  pages={900},
  year={2003},
  publisher={Nature Publishing Group}
}

@book{perko2013differential,
  title={Differential equations and dynamical systems},
  author={Perko, Lawrence},
  volume={7},
  year={2013},
  publisher={Springer Science \& Business Media}
}

@article{frachebourg1996exact,
  title={Exact results for kinetics of catalytic reactions},
  author={Frachebourg, Laurent and Krapivsky, PL},
  journal={Physical Review E},
  volume={53},
  number={4},
  pages={R3009},
  year={1996},
  publisher={APS}
}

@inproceedings{gu2017co,
  title={The co-evolution model for social network evolving and opinion migration},
  author={Gu, Yupeng and Sun, Yizhou and Gao, Jianxi},
  booktitle={Proceedings of the 23rd ACM SIGKDD international conference on knowledge discovery and data mining},
  pages={175--184},
  year={2017},
  organization={ACM}
}

@article{ansolabehere2001corruption,
  title={Corruption and the growth of campaign spending},
  author={Ansolabehere, Stephen and Gerber, Alan and Snyder Jr, James M},
  journal={A User’s Guide to Campaign Finance Reform},
  pages={25--46},
  year={2001},
  publisher={New York: Rowman and Littlefield}
}

@article{newman2016equivalence,
  title={Equivalence between modularity optimization and maximum likelihood methods for community detection},
  author={Newman, Mark EJ},
  journal={Physical Review E},
  volume={94},
  number={5},
  pages={052315},
  year={2016},
  publisher={APS}
}

@article{lancichinetti2011limits,
  title={Limits of modularity maximization in community detection},
  author={Lancichinetti, Andrea and Fortunato, Santo},
  journal={Physical Review E},
  volume={84},
  number={6},
  pages={066122},
  year={2011},
  publisher={APS}
}

@article{lewis2010function,
  title={The function of communities in protein interaction networks at multiple scales},
  author={Lewis, Anna CF and Jones, Nick S and Porter, Mason A and Deane, Charlotte M},
  journal={BMC systems biology},
  volume={4},
  number={1},
  pages={100},
  year={2010},
  publisher={BioMed Central}
}

@article{porter2009communities,
  title={Communities in networks},
  author={Porter, Mason A and Onnela, Jukka-Pekka and Mucha, Peter J},
  journal={Notices of the AMS},
  volume={56},
  number={9},
  pages={1082--1097},
  year={2009}
}

@incollection{simon1991architecture,
  title={The architecture of complexity},
  author={Simon, Herbert A},
  booktitle={Facets of systems science},
  pages={457--476},
  year={1991},
  publisher={Springer}
}

@article{mucha2010community,
  title={Community structure in time-dependent, multiscale, and multiplex networks},
  author={Mucha, Peter J and Richardson, Thomas and Macon, Kevin and Porter, Mason A and Onnela, Jukka-Pekka},
  journal={science},
  volume={328},
  number={5980},
  pages={876--878},
  year={2010},
  publisher={American Association for the Advancement of Science}
}

@article{fenn2009dynamic,
  title={Dynamic communities in multichannel data: An application to the foreign exchange market during the 2007--2008 credit crisis},
  author={Fenn, Daniel J and Porter, Mason A and McDonald, Mark and Williams, Stacy and Johnson, Neil F and Jones, Nick S},
  journal={Chaos: An interdisciplinary journal of nonlinear science},
  volume={19},
  number={3},
  pages={033119},
  year={2009},
  publisher={AIP}
}

@article{traag2013significant,
  title={Significant scales in community structure},
  author={Traag, Vincent A and Krings, Gautier and Van Dooren, Paul},
  journal={Scientific reports},
  volume={3},
  pages={2930},
  year={2013},
  publisher={Nature Publishing Group}
}

@article{young2015shadowing,
  title={A shadowing problem in the detection of overlapping communities: Lifting the resolution limit through a cascading procedure},
  author={Young, Jean-Gabriel and Allard, Antoine and Hebert-Dufresne, Laurent and Dube, Louis J},
  journal={PloS one},
  volume={10},
  number={10},
  pages={e0140133},
  year={2015},
  publisher={Public Library of Science}
}

@article{bickel2009nonparametric,
  title={A nonparametric view of network models and Newman--Girvan and other modularities},
  author={Bickel, Peter J and Chen, Aiyou},
  journal={Proceedings of the National Academy of Sciences},
  volume={106},
  number={50},
  pages={21068--21073},
  year={2009},
  publisher={National Acad Sciences}
}

@article{kullback1951information,
  title={On information and sufficiency},
  author={Kullback, Solomon and Leibler, Richard A},
  journal={The annals of mathematical statistics},
  volume={22},
  number={1},
  pages={79--86},
  year={1951},
  publisher={JSTOR}
}

@article{molloy1995critical,
  title={A critical point for random graphs with a given degree sequence},
  author={Molloy, Michael and Reed, Bruce},
  journal={Random structures \& algorithms},
  volume={6},
  number={2-3},
  pages={161--180},
  year={1995},
  publisher={Wiley Online Library}
}

@article{erdHos1960evolution,
  title={On the evolution of random graphs},
  author={ErdHos, Paul and Renyi, Alfred},
  journal={Publ. Math. Inst. Hung. Acad. Sci},
  volume={5},
  number={1},
  pages={17--60},
  year={1960}
}

@article{ghosh1984asymptotic,
  title={On the asymptotic performance of the log likelihood ratio statistic for the mixture model and related results},
  author={Ghosh, Jayanta K and Sen, Pranab Kumar},
  year={1984},
  publisher={Citeseer}
}

@article{lusseau2003bottlenose,
  title={The bottlenose dolphin community of Doubtful Sound features a large proportion of long-lasting associations},
  author={Lusseau, David and Schneider, Karsten and Boisseau, Oliver J and Haase, Patti and Slooten, Elisabeth and Dawson, Steve M},
  journal={Behavioral Ecology and Sociobiology},
  volume={54},
  number={4},
  pages={396--405},
  year={2003},
  publisher={Springer}
}

@article{newman2004finding,
  title={Finding and evaluating community structure in networks},
  author={Newman, Mark EJ and Girvan, Michelle},
  journal={Physical Review E},
  volume={69},
  number={2},
  pages={026113},
  year={2004},
  publisher={APS}
}

@article{newman2016estimating,
  title={Estimating the number of communities in a network},
  author={Newman, Mark EJ and Reinert, Gesine},
  journal={Physical Review Letters},
  volume={117},
  number={7},
  pages={078301},
  year={2016},
  publisher={APS}
}

@article{peixoto2014hierarchical,
  title={Hierarchical block structures and high-resolution model selection in large networks},
  author={Peixoto, Tiago P},
  journal={Physical Review X},
  volume={4},
  number={1},
  pages={011047},
  year={2014},
  publisher={APS}
}

@article{riolo2017efficient,
  title={Efficient method for estimating the number of communities in a network},
  author={Riolo, Maria A and Cantwell, George T and Reinert, Gesine and Newman, Mark EJ},
  journal={Physical Review E},
  volume={96},
  number={3},
  pages={032310},
  year={2017},
  publisher={APS}
}

@article{wilks1938large,
  title={The large-sample distribution of the likelihood ratio for testing composite hypotheses},
  author={Wilks, Samuel S},
  journal={The Annals of Mathematical Statistics},
  volume={9},
  number={1},
  pages={60--62},
  year={1938},
  publisher={JSTOR}
}

@book{bishop2006pattern,
  title={Pattern recognition and machine learning},
  author={Bishop, Christopher M},
  year={2006},
  publisher={springer}
}

@article{borgatti2000models,
  title={Models of core/periphery structures},
  author={Borgatti, Stephen P and Everett, Martin G},
  journal={Social networks},
  volume={21},
  number={4},
  pages={375--395},
  year={2000},
  publisher={Elsevier}
}

@article{decelle2011asymptotic,
  title={Asymptotic analysis of the stochastic block model for modular networks and its algorithmic applications},
  author={Decelle, Aurelien and Krzakala, Florent and Moore, Cristopher and Zdeborova, Lenka},
  journal={Physical Review E},
  volume={84},
  number={6},
  pages={066106},
  year={2011},
  publisher={APS}
}

@article{nasrabadi2007pattern,
  title={Pattern recognition and machine learning},
  author={Nasrabadi, Nasser M},
  journal={Journal of electronic imaging},
  volume={16},
  number={4},
  pages={049901},
  year={2007},
  publisher={International Society for Optics and Photonics}
}

@article{chung2014generalized,
  title={Generalized epidemic process on modular networks},
  author={Chung, Kihong and Baek, Yongjoo and Kim, Daniel and Ha, Meesoon and Jeong, Hawoong},
  journal={Physical Review E},
  volume={89},
  number={5},
  pages={052811},
  year={2014},
  publisher={APS}
}

@article{riquelme2016measuring,
  title={Measuring user influence on Twitter: A survey},
  author={Riquelme, Fabian and Gonzalez-Cantergiani, Pablo},
  journal={Information Processing \& Management},
  year={2016},
  publisher={Elsevier}
}

@article{laub2015hawkes,
  title={Hawkes processes},
  author={Laub, Patrick J and Taimre, Thomas and Pollett, Philip K},
  journal={arXiv preprint arXiv:1507.02822},
  year={2015}
}

@article{hawkes1971spectra,
  title={Spectra of some self-exciting and mutually exciting point processes},
  author={Hawkes, Alan G},
  journal={Biometrika},
  pages={83--90},
  year={1971},
  publisher={JSTOR}
}

@article{barabasi2005origin,
  title={The origin of bursts and heavy tails in human dynamics},
  author={Barabasi, Albert-Laszlo},
  journal={Nature},
  volume={435},
  number={7039},
  pages={207--211},
  year={2005},
  publisher={Nature Publishing Group}
}

@inproceedings{yang2013mixture,
  title={Mixture of mutually exciting processes for viral diffusion.},
  author={Yang, Shuang-Hong and Zha, Hongyuan},
  booktitle={Proceedings of the 30-th International Conference on Machine Learning},
  year={2013}
}

@inproceedings{yu2015micro,
  title={From micro to macro: Uncovering and predicting information cascading process with behavioral dynamics},
  author={Yu, Linyun and Cui, Peng and Wang, Fei and Song, Chaoming and Yang, Shiqiang},
  booktitle={Data mining (ICDM), 2015 IEEE International Conference on},
  pages={559--568},
  year={2015},
  organization={IEEE}
}

@article{zhang2016multiscale,
  title={A multiscale survival process for modeling human activity patterns},
  author={Zhang, Tianyang and Cui, Peng and Song, Chaoming and Zhu, Wenwu and Yang, Shiqiang},
  journal={PloS one},
  volume={11},
  number={3},
  pages={e0151473},
  year={2016},
  publisher={Public Library of Science}
}

@article{bandura1963influence,
  title={Influence of social reinforcement and the behavior of models in shaping children's moral judgment.},
  author={Bandura, Albert and McDonald, Frederick J},
  journal={The Journal of Abnormal and Social Psychology},
  volume={67},
  number={3},
  pages={274},
  year={1963},
  publisher={American Psychological Association}
}

@article{pinto2012locating,
  title={Locating the source of diffusion in large-scale networks},
  author={Pinto, Pedro C and Thiran, Patrick and Vetterli, Martin},
  journal={Physical Review Letters},
  volume={109},
  number={6},
  pages={068702},
  year={2012},
  publisher={APS}
}

@article{shen2014reconstructing,
  title={Reconstructing propagation networks with natural diversity and identifying hidden sources},
  author={Shen, Zhesi and Wang, Wen-Xu and Fan, Ying and Di, Zengru and Lai, Ying-Cheng},
  journal={Nature Communications},
  volume={5},
  year={2014},
  publisher={Nature Publishing Group}
}

@article{shen2016locating,
  title={Locating the source of diffusion in complex networks by time-reversal backward spreading},
  author={Shen, Zhesi and Cao, Shinan and Wang, Wen-Xu and Di, Zengru and Stanley, H Eugene},
  journal={Physical Review E},
  volume={93},
  number={3},
  pages={032301},
  year={2016},
  publisher={APS}
}

@article{peel2016ground,
  title={The ground truth about metadata and community detection in networks},
  author={Peel, Leto and Larremore, Daniel B and Clauset, Aaron},
  journal={arXiv preprint arXiv:1608.05878},
  year={2016}
}

@inproceedings{cheng2014can,
  title={Can cascades be predicted?},
  author={Cheng, Justin and Adamic, Lada and Dow, P Alex and Kleinberg, Jon Michael and Leskovec, Jure},
  booktitle={Proceedings of the 23rd International Conference on World Wide Web},
  pages={925--936},
  year={2014},
  organization={ACM}
}

@inproceedings{cheng2016cascades,
  title={Do Cascades Recur?},
  author={Cheng, Justin and Adamic, Lada A and Kleinberg, Jon M and Leskovec, Jure},
  booktitle={Proceedings of the 25th International Conference on World Wide Web},
  pages={671--681},
  year={2016},
  organization={International World Wide Web Conferences Steering Committee}
}

@article{sheldon2012maximizing,
  title={Maximizing the spread of cascades using network design},
  author={Sheldon, Daniel and Dilkina, Bistra and Elmachtoub, Adam N and Finseth, Ryan and Sabharwal, Ashish and Conrad, Jon and Gomes, Carla P and Shmoys, David and Allen, William and Amundsen, Ole and others},
  journal={arXiv preprint arXiv:1203.3514},
  year={2012}
}

@article{weng2013virality,
  title={Virality prediction and community structure in social networks},
  author={Weng, Lilian and Menczer, Filippo and Ahn, Yong-Yeol},
  journal={Scientific reports},
  volume={3},
  year={2013},
  publisher={Nature Publishing Group}
}

@article{pastor2001epidemic,
  title={Epidemic spreading in scale-free networks},
  author={Pastor-Satorras, Romualdo and Vespignani, Alessandro},
  journal={Physical Review Letters},
  volume={86},
  number={14},
  pages={3200},
  year={2001},
  publisher={APS}
}

@article{castellano2006non,
  title={Non-mean-field behavior of the contact process on scale-free networks},
  author={Castellano, Claudio and Pastor-Satorras, Romualdo},
  journal={Physical Review Letters},
  volume={96},
  number={3},
  pages={038701},
  year={2006},
  publisher={APS}
}

@article{volz2009epidemic,
  title={Epidemic thresholds in dynamic contact networks},
  author={Volz, Erik and Meyers, Lauren Ancel},
  journal={Journal of the Royal Society Interface},
  volume={6},
  number={32},
  pages={233--241},
  year={2009},
  publisher={The Royal Society}
}

@article{harris1974contact,
  title={Contact interactions on a lattice},
  author={Harris, Theodore E},
  journal={The Annals of Probability},
  pages={969--988},
  year={1974},
  publisher={JSTOR}
}

@article{pastor2015epidemic,
  title={Epidemic processes in complex networks},
  author={Pastor-Satorras, Romualdo and Castellano, Claudio and Van Mieghem, Piet and Vespignani, Alessandro},
  journal={Reviews of Modern Physics},
  volume={87},
  number={3},
  pages={925},
  year={2015},
  publisher={APS}
}

@article{laub2015hawkes,
  title={Hawkes Processes},
  author={Laub, Patrick J and Taimre, Thomas and Pollett, Philip K},
  journal={arXiv preprint arXiv:1507.02822},
  year={2015}
}

@inproceedings{kempe2003maximizing,
  title={Maximizing the spread of influence through a social network},
  author={Kempe, David and Kleinberg, Jon and Tardos, Eva},
  booktitle={Proceedings of the ninth ACM SIGKDD International Conference on Knowledge Discovery and Data Mining},
  pages={137--146},
  year={2003},
  organization={ACM}
}

@book{aalen2008survival,
  title={Survival and event history analysis: a process point of view},
  author={Aalen, Odd and Borgan, Ornulf and Gjessing, Hakon},
  year={2008},
  publisher={Springer Science \& Business Media}
}

@article{li2004synchronization,
  title={Synchronization in general complex dynamical networks with coupling delays},
  author={Li, Chunguang and Chen, Guanrong},
  journal={Physica A: Statistical Mechanics and its Applications},
  volume={343},
  pages={263--278},
  year={2004},
  publisher={Elsevier}
}

@article{su2016data,
  title={Data-based reconstruction of complex geospatial networks, nodal positioning and detection of hidden nodes},
  author={Su, Ri-Qi and Wang, Wen-Xu and Wang, Xiao and Lai, Ying-Cheng},
  journal={Royal Society Open Science},
  volume={3},
  number={1},
  pages={150577},
  year={2016},
  publisher={The Royal Society}
}

@article{gleeson2008cascades,
  title={Cascades on correlated and modular random networks},
  author={Gleeson, James P},
  journal={Physical Review E},
  volume={77},
  number={4},
  pages={046117},
  year={2008},
  publisher={APS}
}

@article{liao2015reconstructing,
  title={Reconstructing propagation networks with temporal similarity},
  author={Liao, Hao and Zeng, An},
  journal={Scientific Reports},
  volume={5},
  year={2015},
  publisher={Nature Publishing Group}
}

@inproceedings{gomez2010inferring,
  title={Inferring networks of diffusion and influence},
  author={Gomez Rodriguez, Manuel and Leskovec, Jure and Krause, Andreas},
  booktitle={Proceedings of the 16th ACM SIGKDD International Conference on Knowledge Discovery and Data Mining},
  pages={1019--1028},
  year={2010},
  organization={ACM}
}

@book{adams1995hitchhiker,
  title={The Hitchhiker's Guide to the Galaxy},
  author={Adams, D.},
  isbn={9781417642595},
  url={http://books.google.com/books?id=W-xMPgAACAAJ},
  year={1995},
  publisher={San Val}
}

@article{csermely2013structure,
  title={Structure and dynamics of core/periphery networks},
  author={Csermely, Peter and London, Andras and Wu, Ling-Yun and Uzzi, Brian},
  journal={Journal of Complex Networks},
  volume={1},
  number={2},
  pages={93--123},
  year={2013},
  publisher={Oxford University Press}
}

@article{laub2015hawkes,
  title={Hawkes Processes},
  author={Laub, Patrick J and Taimre, Thomas and Pollett, Philip K},
  journal={arXiv preprint arXiv:1507.02822},
  year={2015}
}

@article{han2016reconstructing,
  title={Reconstructing direct and indirect interactions in networked public goods game},
  author={Han, Xiao and Shen, Zhesi and Wang, Wen-Xu and Lai, Ying-Cheng and Grebogi, Celso},
  journal={Scientific reports},
  volume={6},
  pages={30241},
  year={2016},
  publisher={Nature Publishing Group}
}

@article{braunstein2016network,
  title={Network dismantling},
  author={Braunstein, Alfredo and Dall’Asta, Luca and Semerjian, Guilhem and Zdeborova, Lenka},
  journal={Proceedings of the National Academy of Sciences},
  pages={201605083},
  year={2016},
  publisher={National Acad Sciences}
}

@article{powers2011evaluation,
  title={Evaluation: from precision, recall and F-measure to ROC, informedness, markedness and correlation},
  author={Powers, David Martin},
  year={2011},
  publisher={Bioinfo Publications}
}

@article{weng2013virality,
  title={Virality prediction and community structure in social networks},
  author={Weng, Lilian and Menczer, Filippo and Ahn, Yong-Yeol},
  journal={Scientific Reports},
  volume={3},
  year={2013},
  publisher={Nature Publishing Group}
}

@article{rodriguez2011uncovering,
  title={Uncovering the temporal dynamics of diffusion networks},
  author={Rodriguez, Manuel Gomez and Balduzzi, David and Scholkopf, Bernhard},
  journal={arXiv preprint arXiv:1105.0697},
  year={2011}
}

@inproceedings{xie2011slpa,
  title={SLPA: Uncovering overlapping communities in social networks via a speaker-listener interaction dynamic process},
  author={Xie, Jierui and Szymanski, Boleslaw K and Liu, Xiaoming},
  booktitle={Data Mining Workshops (ICDMW), 2011 IEEE 11th International Conference on},
  pages={344--349},
  year={2011},
  organization={IEEE}
}

@article{lin2007projected,
  title={Projected gradient methods for nonnegative matrix factorization},
  author={Lin, Chih-Jen},
  journal={Neural Computation},
  volume={19},
  number={10},
  pages={2756--2779},
  year={2007},
  publisher={MIT Press}
}

@article{erdos1960evolution,
  title={On the evolution of random graphs},
  author={Erdos, Paul and Renyi, Alfred},
  journal={Publ. Math. Inst. Hung. Acad. Sci},
  volume={5},
  number={1},
  pages={17--60},
  year={1960},
  publisher={Citeseer}
}

@article{suykens1999least,
  title={Least squares support vector machine classifiers},
  author={Suykens, Johan AK and Vandewalle, Joos},
  journal={Neural Processing Letters},
  volume={9},
  number={3},
  pages={293--300},
  year={1999},
  publisher={Springer}
}

@article{johnson1967hierarchical,
  title={Hierarchical clustering schemes},
  author={Johnson, Stephen C},
  journal={Psychometrika},
  volume={32},
  number={3},
  pages={241--254},
  year={1967},
  publisher={Springer}
}

@book{miller2011survival,
  title={Survival analysis},
  author={Miller Jr, Rupert G},
  volume={66},
  year={2011},
  publisher={John Wiley \& Sons}
}

@inproceedings{recht2011hogwild,
  title={Hogwild: A lock-free approach to parallelizing stochastic gradient descent},
  author={Recht, Benjamin and Re, Christopher and Wright, Stephen and Niu, Feng},
  booktitle={Advances in Neural Information Processing Systems},
  pages={693--701},
  year={2011}
}

@article{karsai2011small,
  title={Small but slow world: How network topology and burstiness slow down spreading},
  author={Karsai, Marton and Kivela, Mikko and Pan, Raj Kumar and Kaski, Kimmo and Kertesz, Janos and Barabasi, A-L and Saramaki, Jari},
  journal={Physical Review E},
  volume={83},
  number={2},
  pages={025102},
  year={2011},
  publisher={APS}
}

@article{ji2016parallelizing,
  title={Parallelizing word2vec in shared and distributed memory},
  author={Ji, Shihao and Satish, Nadathur and Li, Sheng and Dubey, Pradeep},
  journal={arXiv preprint arXiv:1604.04661},
  year={2016}
}

@inproceedings{mikolov2013distributed,
  title={Distributed representations of words and phrases and their compositionality},
  author={Mikolov, Tomas and Sutskever, Ilya and Chen, Kai and Corrado, Greg S and Dean, Jeff},
  booktitle={Advances in neural information processing systems},
  pages={3111--3119},
  year={2013}
}

@article{mnih2012fast,
  title={A fast and simple algorithm for training neural probabilistic language models},
  author={Mnih, Andriy and Teh, Yee Whye},
  journal={arXiv preprint arXiv:1206.6426},
  year={2012}
}

@article{mossel2012stochastic,
  title={Stochastic block models and reconstruction},
  author={Mossel, Elchanan and Neeman, Joe and Sly, Allan},
  journal={arXiv preprint arXiv:1202.1499},
  year={2012}
}

@article{vinh2010information,
  title={Information theoretic measures for clusterings comparison: Variants, properties, normalization and correction for chance},
  author={Vinh, Nguyen Xuan and Epps, Julien and Bailey, James},
  journal={Journal of Machine Learning Research},
  volume={11},
  number={Oct},
  pages={2837--2854},
  year={2010}
}

@article{liaw2002classification,
  title={Classification and regression by randomForest},
  author={Liaw, Andy and Wiener, Matthew and others},
  journal={R news},
  volume={2},
  number={3},
  pages={18--22},
  year={2002}
}

@inproceedings{yang2010modeling,
  title={Modeling information diffusion in implicit networks},
  author={Yang, Jaewon and Leskovec, Jure},
  booktitle={Data Mining (ICDM), 2010 IEEE 10th International Conference on},
  pages={599--608},
  year={2010},
  organization={IEEE}
}

@article{hjarvard2001news,
  title={News media and the globalization of the public sphere},
  author={Hjarvard, Stig},
  journal={News in a Globalized Society},
  pages={17--39},
  year={2001},
  publisher={Gothenburg University Nordicom}
}

@inproceedings{leetaru2013gdelt,
  title={Gdelt: Global data on events, location, and tone, 1979--2012},
  author={Leetaru, Kalev and Schrodt, Philip A},
  booktitle={ISA Annual Convention},
  volume={2},
  pages={1--49},
  year={2013},
  organization={Citeseer}
}

@article{lu2017adaptive,
  title={Adaptive Modularity Maximization via Edge Weighting Scheme},
  author={Lu, Xiaoyan and Kuzmin, Konstantin and Chen, Mingming and Szymanski, Boleslaw K},
  journal={Information Sciences},
  year={2018}
}

@inproceedings{xie2011community,
  title={Community detection using a neighborhood strength driven label propagation algorithm},
  author={Xie, Jierui and Szymanski, Boleslaw K},
  booktitle={Network Science Workshop (NSW), 2011 IEEE},
  pages={188--195},
  year={2011},
  organization={IEEE}
}

@inproceedings{malewicz2010pregel,
  title={Pregel: a system for large-scale graph processing},
  author={Malewicz, Grzegorz and Austern, Matthew H and Bik, Aart JC and Dehnert, James C and Horn, Ilan and Leiser, Naty and Czajkowski, Grzegorz},
  booktitle={Proceedings of the 2010 ACM SIGMOD International Conference on Management of data},
  pages={135--146},
  year={2010},
  organization={ACM}
}

@article{avery2011giraph,
  title={Giraph: Large-scale graph processing infrastructure on hadoop},
  author={Avery, Ching},
  journal={Proceedings of the Hadoop Summit. Santa Clara},
  volume={11},
  number={3},
  pages={5--9},
  year={2011}
}

@book{gropp1999using,
  title={Using MPI: portable parallel programming with the message-passing interface},
  author={Gropp, William and Lusk, Ewing and Skjellum, Anthony},
  volume={1},
  year={1999},
  publisher={MIT press}
}

@article{haring2012ibm,
  title={The IBM blue gene/q compute chip},
  author={Haring, Ruud and Ohmacht, Martin and Fox, Thomas and Gschwind, Michael and Satterfield, David and Sugavanam, Krishnan and Coteus, Paul and Heidelberger, Philip and Blumrich, Matthias and Wisniewski, Robert and others},
  journal={IEEE Micro},
  volume={32},
  number={2},
  pages={48--60},
  year={2012},
  publisher={IEEE}
}

@article{hui2006small,
  title={Small-world overlay P2P networks: construction, management and handling of dynamic flash crowds},
  author={Hui, Ken YK and Lui, John CS and Yau, David KY},
  journal={Computer Networks},
  volume={50},
  number={15},
  pages={2727--2746},
  year={2006},
  publisher={Elsevier}
}

@article{cohen2003scale,
  title={Scale-free networks are ultrasmall},
  author={Cohen, Reuven and Havlin, Shlomo},
  journal={Physical Review Letters},
  volume={90},
  number={5},
  pages={058701},
  year={2003},
  publisher={APS}
}

@inproceedings{stutzbach2006understanding,
  title={Understanding churn in peer-to-peer networks},
  author={Stutzbach, Daniel and Rejaie, Reza},
  booktitle={Proceedings of the 6th ACM SIGCOMM conference on Internet measurement},
  pages={189--202},
  year={2006},
  organization={ACM}
}

@inproceedings{xiao2006nisp1,
  title={NISp1-06: On intentional attacks and protections in complex communication networks},
  author={Xiao, Shi and Xiao, Gaoxi},
  booktitle={Global Telecommunications Conference, 2006. GLOBECOM'06. IEEE},
  pages={1--5},
  year={2006},
  organization={IEEE}
}

@article{crucitti2003efficiency,
  title={Efficiency of scale-free networks: error and attack tolerance},
  author={Crucitti, Paolo and Latora, Vito and Marchiori, Massimo and Rapisarda, Andrea},
  journal={Physica A: Statistical Mechanics and its Applications},
  volume={320},
  pages={622--642},
  year={2003},
  publisher={Elsevier}
}

@article{fire2013computationally,
  title={Computationally efficient link prediction in a variety of social networks},
  author={Fire, Michael and Tenenboim-Chekina, Lena and Puzis, Rami and Lesser, Ofrit and Rokach, Lior and Elovici, Yuval},
  journal={ACM Transactions on Intelligent Systems and Technology (TIST)},
  volume={5},
  number={1},
  pages={10},
  year={2013},
  publisher={ACM}
}

@article{brandes2008modularity,
  title={On modularity clustering},
  author={Brandes, Ulrik and Delling, Daniel and Gaertler, Marco and Gorke, Robert and Hoefer, Martin and Nikoloski, Zoran and Wagner, Dorothea},
  journal={IEEE Transactions on Knowledge and Data Engineering},
  volume={20},
  number={2},
  pages={172--188},
  year={2008},
  publisher={IEEE}
}

@inproceedings{ciglan2013community,
  title={On community detection in real-world networks and the importance of degree assortativity},
  author={Ciglan, Marek and Laclav{\'\i}k, Michal and N{\o}rv{\aa}g, Kjetil},
  booktitle={Proceedings of the 19th ACM SIGKDD International Conference on Knowledge Discovery and Data Mining},
  pages={1007--1015},
  year={2013},
  organization={ACM}
}

@article{khadivi2011network,
  title={Network community detection enhancement by proper weighting},
  author={Khadivi, Alireza and Rad, Ali Ajdari and Hasler, Martin},
  journal={Physical Review E},
  volume={83},
  number={4},
  pages={046104},
  year={2011},
  publisher={APS}
}

@article{peel2016ground,
  title={The ground truth about metadata and community detection in networks},
  author={Peel, Leto and Larremore, Daniel B and Clauset, Aaron},
  journal={arXiv preprint arXiv:1608.05878},
  year={2016}
}

@article{de2013enhancing,
  title={Enhancing community detection using a network weighting strategy},
  author={De Meo, Pasquale and Ferrara, Emilio and Fiumara, Giacomo and Provetti, Alessandro},
  journal={Information Sciences},
  volume={222},
  pages={648--668},
  year={2013},
  publisher={Elsevier}
}

@article{chenimproving,
  title={Improving Network Community Structure with Link Prediction Ranking},
  author={Chen, Mingming and Bahulkar, Ashwin and Kuzmin, Konstantin and Szymanski, Boleslaw K}
}

@article{wu2015robust,
  title={Robust local community detection: on free rider effect and its elimination},
  author={Wu, Yubao and Jin, Ruoming and Li, Jing and Zhang, Xiang},
  journal={Proceedings of the VLDB Endowment},
  volume={8},
  number={7},
  pages={798--809},
  year={2015},
  publisher={VLDB Endowment}
}

@inproceedings{tang2009social,
  title={Social influence analysis in large-scale networks},
  author={Tang, Jie and Sun, Jimeng and Wang, Chi and Yang, Zi},
  booktitle={Proceedings of the 15th ACM SIGKDD International Conference on Knowledge Discovery and Data Mining},
  pages={807--816},
  year={2009},
  organization={ACM}
}

@inproceedings{goyal2010learning,
  title={Learning influence probabilities in social networks},
  author={Goyal, Amit and Bonchi, Francesco and Lakshmanan, Laks VS},
  booktitle={Proceedings of the Third ACM International Conference on Web Search and Data Mining},
  pages={241--250},
  year={2010},
  organization={ACM}
}

@inproceedings{ruan2013efficient,
  title={Efficient community detection in large networks using content and links},
  author={Ruan, Yiye and Fuhry, David and Parthasarathy, Srinivasan},
  booktitle={Proceedings of the 22nd International Conference on World Wide Web},
  pages={1089--1098},
  year={2013},
  organization={ACM}
}

@inproceedings{backstrom2011supervised,
  title={Supervised random walks: predicting and recommending links in social networks},
  author={Backstrom, Lars and Leskovec, Jure},
  booktitle={Proceedings of the Fourth ACM International Conference on Web Search and Data Mining},
  pages={635--644},
  year={2011},
  organization={ACM}
}

@article{ma2010semi,
  title={Semi-supervised clustering algorithm for community structure detection in complex networks},
  author={Ma, Xiaoke and Gao, Lin and Yong, Xuerong and Fu, Lidong},
  journal={Physica A: Statistical Mechanics and its Applications},
  volume={389},
  number={1},
  pages={187--197},
  year={2010},
  publisher={Elsevier}
}

@article{girvan2002community,
  title={Community structure in social and biological networks},
  author={Girvan, Michelle and Newman, Mark EJ},
  journal={Proceedings of the National Academy of Sciences},
  volume={99},
  number={12},
  pages={7821--7826},
  year={2002},
  publisher={National Acad Sciences}
}

@article{leskovec2007graph,
  title={Graph evolution: Densification and shrinking diameters},
  author={Leskovec, Jure and Kleinberg, Jon and Faloutsos, Christos},
  journal={ACM Transactions on Knowledge Discovery from Data (TKDD)},
  volume={1},
  number={1},
  pages={2},
  year={2007},
  publisher={ACM}
}

@inproceedings{xie2013labelrank,
  title={Labelrank: A stabilized label propagation algorithm for community detection in networks},
  author={Xie, Jierui and Szymanski, Boleslaw K},
  booktitle={Network Science Workshop (NSW), 2013 IEEE 2nd},
  pages={138--143},
  year={2013},
  organization={IEEE}
}

@misc{taylor2000change,
  title={Change-point analysis: a powerful new tool for detecting changes},
  author={Taylor, Wayne A},
  year={2000}
}

@article{zhang2008community,
  title={Community structure in Congressional cosponsorship networks},
  author={Zhang, Yan and Friend, Andrew J and Traud, Amanda L and Porter, Mason A and Fowler, James H and Mucha, Peter J},
  journal={Physica A: Statistical Mechanics and its Applications},
  volume={387},
  number={7},
  pages={1705--1712},
  year={2008},
  publisher={Elsevier}
}

@inproceedings{kulkarni2015statistically,
  title={Statistically significant detection of linguistic change},
  author={Kulkarni, Vivek and Al-Rfou, Rami and Perozzi, Bryan and Skiena, Steven},
  booktitle={Proceedings of the 24th International Conference on World Wide Web},
  pages={625--635},
  year={2015},
  organization={International World Wide Web Conferences Steering Committee}
}

@article{lynch2015media,
  title={How the media trashed the transitions},
  author={Lynch, Marc},
  journal={Journal of Democracy},
  volume={26},
  number={4},
  pages={90--99},
  year={2015},
  publisher={The Johns Hopkins University Press}
}

@article{lee2014social,
  title={Social media, network heterogeneity, and opinion polarization},
  author={Lee, Jae Kook and Choi, Jihyang and Kim, Cheonsoo and Kim, Yonghwan},
  journal={Journal of communication},
  volume={64},
  number={4},
  pages={702--722},
  year={2014},
  publisher={Wiley Online Library}
}

@article{wiki104th,
  author = {Wikipedia},
  title = {104th United States Congress},
  journal= {https://en.wikipedia.org/wiki/104th\_United\_States\_Congress},
  year = {2017 [Online; accessed 12-Nov-2017]},
  note = ""
}

@article{zhao2012consistency,
  title={Consistency of community detection in networks under degree-corrected stochastic block models},
  author={Zhao, Yunpeng and Levina, Elizaveta and Zhu, Ji and others},
  journal={The Annals of Statistics},
  volume={40},
  number={4},
  pages={2266--2292},
  year={2012},
  publisher={Institute of Mathematical Statistics}
}

@article{perry2012null,
  title={Null models for network data},
  author={Perry, Patrick O and Wolfe, Patrick J},
  journal={arXiv preprint arXiv:1201.5871},
  year={2012}
}

@inproceedings{macqueen1967some,
  title={Some methods for classification and analysis of multivariate observations},
  author={MacQueen, James and others},
  booktitle={Proceedings of the fifth Berkeley symposium on mathematical statistics and probability},
  volume={1},
  number={14},
  pages={281--297},
  year={1967},
  organization={Oakland, CA, USA}
}

@article{diamond1990three,
  title={Three paradoxes of democracy},
  author={Diamond, Larry Jay},
  journal={Journal of Democracy},
  volume={1},
  number={3},
  pages={48--60},
  year={1990},
  publisher={Johns Hopkins University Press}
}

@article{feldman2003enforcing,
  title={Enforcing social conformity: A theory of authoritarianism},
  author={Feldman, Stanley},
  journal={Political psychology},
  volume={24},
  number={1},
  pages={41--74},
  year={2003},
  publisher={Wiley Online Library}
}

@misc{turner1991social,
  title={Social influence. Thomson Brooks},
  author={Turner, John C},
  year={1991},
  publisher={Cole Publishing Co Pacific Grove, CA, USA:}
}

@article{klucharev2009reinforcement,
  title={Reinforcement learning signal predicts social conformity},
  author={Klucharev, Vasily and Hyt{\"o}nen, Kaisa and Rijpkema, Mark and Smidts, Ale and Fern{\'a}ndez, Guill{\'e}n},
  journal={Neuron},
  volume={61},
  number={1},
  pages={140--151},
  year={2009},
  publisher={Elsevier}
}

@article{mcpherson2001birds,
  title={Birds of a feather: Homophily in social networks},
  author={McPherson, Miller and Smith-Lovin, Lynn and Cook, James M},
  journal={Annual review of sociology},
  volume={27},
  number={1},
  pages={415--444},
  year={2001},
  publisher={Annual Reviews 4139 El Camino Way, PO Box 10139, Palo Alto, CA 94303-0139, USA}
}

@article{stroud2010polarization,
  title={Polarization and partisan selective exposure},
  author={Stroud, Natalie Jomini},
  journal={Journal of communication},
  volume={60},
  number={3},
  pages={556--576},
  year={2010},
  publisher={Oxford University Press}
}

@article{ferrara2016rise,
  title={The rise of social bots},
  author={Ferrara, Emilio and Varol, Onur and Davis, Clayton and Menczer, Filippo and Flammini, Alessandro},
  journal={Communications of the ACM},
  volume={59},
  number={7},
  pages={96--104},
  year={2016},
  publisher={ACM}
}

@article{garrett2009echo,
  title={Echo chambers online?: Politically motivated selective exposure among Internet news users},
  author={Garrett, R Kelly},
  journal={Journal of Computer-Mediated Communication},
  volume={14},
  number={2},
  pages={265--285},
  year={2009},
  publisher={Oxford University Press Oxford, UK}
}

@article{madsen2018large,
  title={Large networks of rational agents form persistent echo chambers},
  author={Madsen, Jens Koed and Bailey, Richard M and Pilditch, Toby D},
  journal={Scientific reports},
  volume={8},
  number={1},
  pages={12391},
  year={2018},
  publisher={Nature Publishing Group}
}

@article{jin2014misinformation,
  title={Misinformation propagation in the age of twitter.},
  author={Jin, Fang and Wang, Wei and Zhao, Liang and Dougherty, Edward R and Cao, Yang and Lu, Chang-Tien and Ramakrishnan, Naren},
  journal={IEEE Computer},
  volume={47},
  number={12},
  pages={90--94},
  year={2014}
}

@article{allcott2017social,
  title={Social media and fake news in the 2016 election},
  author={Allcott, Hunt and Gentzkow, Matthew},
  journal={Journal of economic perspectives},
  volume={31},
  number={2},
  pages={211--36},
  year={2017}
}

@article{garimella2018quantifying,
  title={Quantifying controversy on social media},
  author={Garimella, Kiran and Morales, Gianmarco De Francisci and Gionis, Aristides and Mathioudakis, Michael},
  journal={ACM Transactions on Social Computing},
  volume={1},
  number={1},
  pages={3},
  year={2018},
  publisher={ACM}
}

@article{dixit2007political,
  title={Political polarization},
  author={Dixit, Avinash K and Weibull, J{\"o}rgen W},
  journal={Proceedings of the National Academy of Sciences},
  volume={104},
  number={18},
  pages={7351--7356},
  year={2007},
  publisher={National Acad Sciences}
}

@article{bahulkar2017influence,
  title={Influence of personal preferences on link dynamics in social networks},
  author={Bahulkar, Ashwin and Szymanski, Boleslaw K and Chawla, Nitesh and Lizardo, Omar and Chan, Kevin},
  journal={Complexity},
  volume={2017},
  year={2017},
  publisher={Hindawi}
}

@article{deutsch1955study,
  title={A study of normative and informational social influences upon individual judgment.},
  author={Deutsch, Morton and Gerard, Harold B},
  journal={The journal of abnormal and social psychology},
  volume={51},
  number={3},
  pages={629},
  year={1955},
  publisher={American Psychological Association}
}

@article{lewis2018voteview,
  title={Voteview: congressional roll-call votes database (2018)},
  author={Lewis, Jeffrey B and Poole, Keith and Rosenthal, Howard and Boche, Adam and Rudkin, Aaron and Sonnet, Luke},
  journal={URl: https://voteview. com},
  year={2018}
}

@article{rice1928quantitative,
  title={Quantitative methods in politics.},
  author={Rice, Stuart Arthur},
  year={1928},
  publisher={Knopf}
}

@article{abrams2011dynamics,
  title={Dynamics of social group competition: modeling the decline of religious affiliation},
  author={Abrams, Daniel M and Yaple, Haley A and Wiener, Richard J},
  journal={Physical Review Letters},
  volume={107},
  number={8},
  pages={088701},
  year={2011},
  publisher={APS}
}

@article{moody2013portrait,
  title={Portrait of political party polarization},
  author={Moody, James and Mucha, Peter J},
  journal={Network Science},
  volume={1},
  number={1},
  pages={119--121},
  year={2013},
  publisher={Cambridge University Press}
}

@article{lauter1988silverman,
  title={Silverman, BW: Density Estimation for Statistics and Data Analysis. Chapman \& Hall, London--New York 1986, 175 pp.,{\pounds} 12.—},
  author={L{\"a}uter, H},
  journal={Biometrical Journal},
  volume={30},
  number={7},
  pages={876--877},
  year={1988},
  publisher={Wiley Online Library}
}

@article{haring2012ibm,
  title={The ibm blue gene/q compute chip},
  author={Haring, Ruud and Ohmacht, Martin and Fox, Thomas and Gschwind, Michael and Satterfield, David and Sugavanam, Krishnan and Coteus, Paul and Heidelberger, Philip and Blumrich, Matthias and Wisniewski, Robert and others},
  journal={Ieee Micro},
  volume={32},
  number={2},
  pages={48--60},
  year={2012},
  publisher={IEEE}
}

@article{baldassarri2007dynamics,
  title={Dynamics of political polarization},
  author={Baldassarri, Delia and Bearman, Peter},
  journal={American sociological review},
  volume={72},
  number={5},
  pages={784--811},
  year={2007},
  publisher={Sage Publications Sage CA: Los Angeles, CA}
}

@article{bail2018exposure,
  title={Exposure to opposing views on social media can increase political polarization},
  author={Bail, Christopher A and Argyle, Lisa P and Brown, Taylor W and Bumpus, John P and Chen, Haohan and Hunzaker, MB Fallin and Lee, Jaemin and Mann, Marcus and Merhout, Friedolin and Volfovsky, Alexander},
  journal={Proceedings of the National Academy of Sciences},
  volume={115},
  number={37},
  pages={9216--9221},
  year={2018},
  publisher={National Acad Sciences}
}

@article{abrams2003linguistics,
  title={Linguistics: Modelling the dynamics of language death},
  author={Abrams, Daniel M and Strogatz, Steven H},
  journal={Nature},
  volume={424},
  number={6951},
  pages={900},
  year={2003},
  publisher={Nature Publishing Group}
}

@book{perko2013differential,
  title={Differential equations and dynamical systems},
  author={Perko, Lawrence},
  volume={7},
  year={2013},
  publisher={Springer Science \& Business Media}
}

@article{frachebourg1996exact,
  title={Exact results for kinetics of catalytic reactions},
  author={Frachebourg, Laurent and Krapivsky, PL},
  journal={Physical Review E},
  volume={53},
  number={4},
  pages={R3009},
  year={1996},
  publisher={APS}
}

@inproceedings{gu2017co,
  title={The co-evolution model for social network evolving and opinion migration},
  author={Gu, Yupeng and Sun, Yizhou and Gao, Jianxi},
  booktitle={Proceedings of the 23rd ACM SIGKDD international conference on knowledge discovery and data mining},
  pages={175--184},
  year={2017},
  organization={ACM}
}

@article{ansolabehere2001corruption,
  title={Corruption and the growth of campaign spending},
  author={Ansolabehere, Stephen and Gerber, Alan and Snyder Jr, James M},
  journal={A User’s Guide to Campaign Finance Reform},
  pages={25--46},
  year={2001},
  publisher={New York: Rowman and Littlefield}
}

@article{gelman2011economic,
  title={Economic divisions and political polarization in red and blue America},
  author={Gelman, A},
  journal={Pathways},
  pages={3--6},
  year={2011}
}

@article{baldassarri2008partisans,
  title={Partisans without constraint: Political polarization and trends in American public opinion},
  author={Baldassarri, Delia and Gelman, Andrew},
  journal={American Journal of Sociology},
  volume={114},
  number={2},
  pages={408--446},
  year={2008},
  publisher={The University of Chicago Press}
}

@article{jurdak2015understanding,
  title={Understanding human mobility from Twitter},
  author={Jurdak, Raja and Zhao, Kun and Liu, Jiajun and AbouJaoude, Maurice and Cameron, Mark and Newth, David},
  journal={PloS one},
  volume={10},
  number={7},
  pages={e0131469},
  year={2015},
  publisher={Public Library of Science}
}

@article{song2010limits,
  title={Limits of predictability in human mobility},
  author={Song, Chaoming and Qu, Zehui and Blumm, Nicholas and Barab{\'a}si, Albert-L{\'a}szl{\'o}},
  journal={Science},
  volume={327},
  number={5968},
  pages={1018--1021},
  year={2010},
  publisher={American Association for the Advancement of Science}
}

